2200 3492
140 185 179 244 tu
483 194 527 243 m:
544 194 691 243 osricus.
899 192 939 253 [a.
951 193 971 238 1.

246 345 261 371 “
272 341 371 392 Cedant
380 357 449 392 arma
459 347 539 408 togas:
556 342 678 391 coacedet
687 341 773 391 laurea
784 341 902 406 [lundi·''l

185 441 223 500 Ut
244 443 321 501 enim
343 441 414 500 alios
434 443 575 515 omittam,
594 443 679 500 nobis
702 442 910 518 rempublicam
923 461 977 519 gu·

185 539 382 610 bernantibus,
403 558 501 599 nonna
521 549 597 616 toga
618 558 698 596 arma
717 537 852 597 cesserat
880 556 976 612 neque
1080 556 1081 561 ¹

184 636 261 692 enim
273 636 302 693 in
315 636 463 712 republicis
473 636 635 712 periculum
645 635 699 692 luit
710 635 826 712 gravius
837 654 975 709 unquam,
1081 624 1082 627 ¹

154 744 241 791 aneo
264 734 356 809 majus
383 734 483 793 otium.
524 732 572 792 Ita
604 732 733 791 consiliis
766 731 976 808 diligentidque

185 830 283 888 nostris
297 829 428 887 celeriter
449 830 486 887 de
506 829 640 889 manibus
661 828 918 891 audacissimorum
935 828 976 885 ci·

187 927 263 984 vium
287 926 405 1002 delapsa
427 946 506 985 arma
526 926 590 1003 ipsa
611 926 798 984 ceciderunt,
829 925 977 988 Quaeres

186 1023 272 1100 igitur
281 1033 363 1101 gesta
372 1042 497 1098 unquam
509 1023 538 1081 in
550 1023 627 1083 bello
637 1019 736 1080 tantal
758 1021 807 1097 qui
815 1021 976 1098 triumphus

186 1119 401 1181 conferendusl
432 1119 517 1181 Licet
530 1119 608 1178 enim
623 1119 704 1190 mibi,
718 1117 820 1177 Marce
834 1119 885 1192 fili,
900 1119 976 1194 apud

141 1226 171 1276 10
185 1228 214 1274 te
228 1215 354 1293 gloriari,
370 1217 405 1274 ad
421 1234 505 1292 quem
519 1226 548 1273 et
562 1215 714 1274 hareditas
728 1215 812 1292 hujus
826 1215 935 1293 glorias,
946 1225 977 1272 et

129 1356 145 1383 ,
186 1312 326 1370 sactorum
343 1312 475 1385 imitatio,
489 1312 623 1388 pertinet.
665 1309 741 1369 Mihi
761 1312 877 1387 quidem
896 1322 976 1370 certe

186 1407 228 1465 vir
253 1409 402 1466 abundans
425 1408 538 1467 bellicis
561 1408 705 1481 laudibus,
731 1407 787 1497 Qu.
809 1395 991 1484 Pompeius,

186 1505 283 1562 multis
305 1506 498 1579 audientibus,
514 1506 571 1564 hoc
591 1504 703 1577 tribuit,
717 1515 750 1562 ut
769 1505 890 1575 diceret,
904 1505 978 1563 frus-

186 1612 231 1659 tra
249 1621 281 1661 se
301 1602 477 1685 triumphum
499 1603 617 1661 tertium
642 1603 855 1678 deportaturum
876 1601 975 1674 luisse,

141 1717 171 1767 15
187 1698 253 1770 nisi,
268 1718 334 1757 meo
355 1699 386 1757 in
409 1699 617 1776 rempublicam
639 1699 791 1770 beneficio,
806 1698 856 1757 ubi
878 1699 977 1757 trium-

187 1795 297 1871 pharet,
320 1805 396 1853 esset
422 1795 581 1853 habiturus.
623 1797 698 1853 Sunt
718 1814 789 1874 erge
809 1795 977 1853 domesticae

187 1891 370 1951 fortitudines
384 1910 443 1951 non
457 1891 609 1949 inferiores
622 1892 809 1962 militaribus3
831 1892 861 1950 in
873 1892 978 1968 quibus

186 1987 251 2062 plus
264 1986 362 2060 etiam,
377 2005 462 2064 quam
483 1986 513 2045 in
534 1986 590 2059 his,
603 2007 699 2063 operae
711 1988 856 2063 studiique
869 2007 978 2064 ponen·
1082 2046 1085 2052 .

187 2083 255 2143 dum
270 2093 321 2141 est.

140 2293 171 2342 20
226 2276 343 2336 XXIII.
368 2275 498 2349 Omnino
528 2278 600 2336 illud
633 2278 797 2351 honestum,-
829 2280 907 2355 quod
941 2298 978 2339 er

188 2375 284 2432 animo
311 2360 427 2433 excelse
455 2375 668 2452 magnificoque
696 2376 860 2450 quaerimus
887 2378 978 2436 animi

187 2471 319 2544 efficitur,
350 2491 409 2529 non
441 2471 580 2548 corporis,
612 2471 730 2530 viribus.
771 2472 977 2532 Exercendum

186 2576 283 2624 tumen
298 2587 411 2643 ccrpm,
426 2578 455 2625 et
472 2568 517 2633 ,ita
537 2568 720 2627 afficiendum
740 2579 794 2641 est,
808 2580 840 2627 ut
858 2571 977 2628 obedire

187 2663 307 2722 consilio
321 2663 482 2740 rationique
495 2666 586 2740 possit
597 2665 627 2723 in
637 2667 827 2742 exsequendis
840 2669 976 2744 negotiis,

140 2767 171 2815 25
188 2770 216 2817 et
240 2759 269 2817 in
296 2760 395 2818 labore
421 2762 581 2819 tolerando.
623 2760 786 2823 Honestum
814 2775 908 2821 autem
936 2764 975 2836 id,

187 2856 262 2933 quod
287 2856 472 2932 exquirimus,
497 2867 588 2917 tutum
612 2869 656 2917 est
681 2861 807 2936 positum
832 2861 862 2919 in
887 2861 975 2920 animi

188 2953 258 3012 euri
272 2963 301 3011 et
315 2953 492 3032 cogitatione
497 2975 508 3031 3
531 2955 561 3013 in
574 2974 631 3034 quo
643 2977 703 3015 non
717 2958 857 3017 minorem
871 2958 977 3017 utilita·
1003 2990 1011 3000 -
