2200 3492
92 254 158 316 cr]
381 252 425 300 nn
443 251 593 301 orricio.
891 245 927 303 15

95 404 271 469 nobilitatum
293 423 352 462 non
373 403 420 476 sit,
434 412 533 462 tamen
548 402 703 462 honesturn
717 402 771 475 sit;
793 403 883 481 quod·

93 519 146 576 quc
176 516 243 557 vere
269 501 406 574 dicimus,
426 501 514 559 etiam
535 497 564 559 si
590 520 609 559 a
630 501 712 559 nullo
737 501 881 573 laudetur,

93 598 193 656 naturai
206 617 270 655 csse
283 598 438 667 laudabile.

130 795 164 851 V.
200 794 338 852 Formam
365 793 481 870 quidem
510 794 614 870 ipsam,
642 792 745 852 Marce
772 794 824 868 fili,
851 805 881 853 et

92 904 225 966 tanquam
254 891 370 963 facicm,
392 890 505 953 honesti
523 891 622 963 vides;
657 911 721 967 que
742 890 766 950 si
786 890 913 950 oculis⁶

92 999 266 1060 cerneretur,
285 989 433 1046 mirabiles
454 1006 567 1046 amores
587 987 635 1067 (ut
656 989 696 1047 ait
716 989 814 1069 Plato)
834 1006 882 1046 cx-

57 1160 58 1165 *
91 1088 192 1143 citaret
203 1086 361 1162 sapientia.
397 1085 456 1143 Sed
467 1104 565 1158 omne,
574 1086 651 1162 quod
661 1087 815 1143 honestum
826 1096 880 1158 cst,

92 1180 117 1236 id
129 1191 253 1255 quatuor
262 1179 387 1255 partium
398 1180 490 1243 oritur
504 1198 540 1237 ex
555 1180 659 1256 aliqud.
691 1180 839 1238 Autenim
849 1179 880 1237 in

90 1276 296 1352 perspicientia
315 1276 376 1333 veri
397 1276 583 1352 sollertidque
604 1287 752 1349 versutnr3
781 1287 830 1335 aut
851 1277 881 1335 in

90 1374 238 1430 hominurn
264 1373 406 1430 societate
423 1374 541 1445 tuenda,
563 1374 776 1449 tribuendoque
796 1392 882 1432 suum
897 1372 930 1423 10

89 1466 205 1540 cuique,
215 1475 245 1545 et
255 1483 352 1522 rerum
364 1474 579 1523 contractarum
590 1464 664 1536 tide3
687 1476 737 1524 aut
750 1466 780 1523 in
792 1465 882 1523 animi

87 1563 196 1619 excelsi
211 1572 297 1636 atque
311 1561 412 1641 invicti
426 1561 627 1639 magnitudine
642 1580 677 1619 nc
690 1562 811 1633 robore;
834 1571 883 1620 aut

88 1660 114 1716 in
137 1658 281 1730 omniurn,
295 1677 360 1733 quae
375 1658 459 1730 fiunt,
474 1676 597 1733 quaque
617 1657 766 1730 dicuntur,
779 1657 882 1717 ordine

87 1768 114 1812 et
128 1755 229 1826 modo,
245 1754 275 1812 in
290 1773 348 1830 qno
362 1755 438 1813 inest
451 1755 595 1814 modestia
608 1755 851 1832 et'tempcrantia.

124 1851 204 1914 Quae
216 1861 340 1927 quatuor
347 1870 510 1928 quanquam
523 1853 598 1911 inter
608 1872 640 1910 se
651 1853 788 1931 colligata
796 1863 882 1929 atque
897 1857 928 1905 15

87 1949 237 2025 implicata
251 1959 328 2021 sunt,
339 1959 435 2006 temen
448 1968 485 2006 ex
493 1949 617 2027 singulis
628 1960 709 2008 certa
718 1950 880 2008 officiorum

86 2062 196 2120 genera
217 2054 377 2103 nascuntur
390 2065 396 2103 :
418 2045 496 2103 velut
509 2064 545 2103 ex
558 2046 594 2103 ed
607 2056 700 2123 parte,
714 2065 778 2123 quae
787 2046 882 2123 prirna

86 2142 235 2218 descripta
255 2153 308 2214 est,
326 2142 362 2199 in
378 2138 435 2218 qud
455 2142 627 2218 sapientiam
647 2152 677 2201 et
696 2143 880 2221 prudentiam

85 2236 232 2312 ponimus,
258 2238 333 2297 inest
360 2238 508 2316 indagatio
536 2250 622 2315 atque
649 2240 778 2297 inventio
802 2240 894 2309 veris

85 2334 207 2412 ejusque
232 2335 345 2393 virtutis
371 2335 429 2393 hoc
449 2355 555 2393 munus
577 2346 620 2394 est
643 2336 799 2413 proprium.
840 2337 880 2395 Ut
894 2341 926 2390 2⁰

85 2431 163 2488 enim
186 2431 309 2506 quisque
330 2432 455 2489 maxime
475 2433 623 2509 perspicit,
638 2433 707 2508 quid
722 2433 752 2490 in
767 2453 798 2490 re
810 2433 881 2510 qud·

86 2548 141 2602 qne
169 2529 351 2603 verissimum
385 2529 433 2600 sit,
461 2529 568 2605 quique
597 2530 763 2588 acutissime
784 2541 813 2588 et
834 2550 881 2589 ce·

86 2616 202 2682 letrime
223 2634 318 2700 potest
331 2635 361 2682 et
374 2618 472 2683 videre
486 2634 515 2682 et
528 2626 674 2701 explicare
687 2626 839 2698 rationem,
855 2627 880 2684 is

86 2721 329 2793 prudentissimus
339 2730 368 2787 st
380 2722 609 2797 sapientissimus
619 2721 674 2778 rite
685 2722 784 2801 haberi
795 2722 877 2781 solet.

86 2815 240 2877 Quocirca
263 2816 341 2887 hnic,
363 2817 444 2892 quasi
469 2818 599 2890 materia,
614 2836 700 2892 quarn
720 2828 835 2890 tractet,
850 2829 879 2876 et
893 2823 925 2870 25

89 2910 115 2969 in
130 2914 188 2988 qud
203 2924 343 2984 versetur,
358 2913 489 2989 subjecta
502 2922 546 2971 est
558 2914 672 2972 veritas.

126 3007 263 3084 Reliquis
289 3008 385 3066 autem
404 3008 497 3066 tribus
516 3008 670 3066 virtutibus
691 3009 879 3069 necessitates
