2200 3492
169 151 208 210 60
481 160 524 207 mr
545 160 690 209 currens.
878 180 881 188 .
932 158 996 220 [ω

213 327 290 379 nem,
305 326 417 384 semper
432 306 606 384 inpromptu
620 309 737 380 habere,
749 317 887 384 quantum
898 318 1001 369 natura
1086 346 1087 367 t

215 403 340 460 hominis
360 403 520 479 pecudibus
534 392 707 479 reliquisque
721 403 824 460 belluis
840 405 1001 462 antecedat.

214 499 276 557 Illae
296 500 366 557 nihil
389 499 523 571 sentiunt,
539 500 596 557 nisi
611 499 800 575 voluptatem3
823 500 858 556 ad
879 519 1002 575 eamque

206 597 342 655 ¹feruntur
355 596 434 654 omui
449 596 576 672 impetu:
598 596 724 653 hominis
740 607 834 658 autern
849 615 931 653 mens
945 597 1003 654 dis

182 694 306 751 ecendo
325 694 419 764 alitur,
440 705 469 751 et
492 693 663 770 cogitand03
685 713 797 773 semper
822 693 928 768 aliquid
952 704 1003 751 aut

213 790 346 865 anquirit,
363 800 411 847 aut
432 789 505 866 agit3
528 790 698 867 ridendique
713 800 742 846 et
756 789 892 846 audiendi
906 789 1002 847 delec-

212 887 319 944 tatione
333 884 455 947 ducitur.
496 885 678 958 Quinetiam,
692 886 794 962 siquis
807 896 850 943 est
863 886 948 963 paulo
964 887 1000 943 ad

212 983 372 1058 uoluptates
391 982 568 1059 propensior,
588 984 728 1040 modone
747 983 784 1040 sit
802 1001 838 1040 ex
853 984 998 1058 pecudum

212 1098 328 1157 genere,
345 1080 427 1156 (sunt
446 1079 522 1135 enim
541 1078 659 1154 quidam
673 1079 805 1158 homines
818 1098 877 1136 non
891 1097 932 1153 re,
947 1080 999 1136 sed

168 1185 198 1234 10
212 1175 343 1255 nomine)
359 1175 409 1232 sed
427 1175 453 1232 si
474 1175 539 1250 quis
560 1186 604 1232 cst
623 1175 709 1251 paulo
720 1175 1000 1251 ‘erectionquamvis

203 1271 356 1347 ,voluptate
378 1271 517 1348 capiatur,
532 1272 660 1328 occultat
677 1283 707 1329 et
720 1271 878 1331 dissimulat
893 1272 1000 1348 appeti·

211 1378 273 1426 tum
293 1369 453 1444 voluptatis,
480 1378 596 1444 propter
622 1368 834 1426 verecundiam.
876 1367 921 1424 Ex
941 1388 1008 1444 quor

170 1480 173 1483 ’
208 1464 390 1542 intelligitur,
413 1465 540 1540 corporis
562 1464 736 1541 voluptatem
759 1484 817 1521 non
841 1462 913 1521 ‘satis
934 1484 1000 1522 esse

211 1561 328 1638 dignam
346 1561 470 1619 hominis
483 1562 659 1637 praestantii,
674 1579 793 1636 eamque
808 1561 956 1618 contemni
970 1573 1001 1618 et

167 1667 197 1715 15
211 1658 293 1734 rejici
309 1668 459 1733 oportere:
482 1658 526 1715 sin
541 1658 579 1715 sit
592 1658 743 1733 quispiam,
759 1656 808 1730 qui
828 1656 934 1731 aliquid
951 1658 1002 1714 tri·

212 1755 281 1811 buat
295 1754 442 1828 voluptati,
457 1753 610 1829 diligenter
631 1754 658 1810 ei
679 1752 836 1810 tenendum
854 1771 916 1809 esse
935 1753 1000 1829 ejus

211 1849 338 1908 fruendae
360 1849 486 1907 modum.
527 1849 629 1924 Itaque
647 1851 739 1925 vietus
763 1849 913 1924 cultusque
936 1869 1001 1907 cor·

209 1946 286 2022 poris
300 1946 336 2003 sd
350 1945 541 2007 valetudinem
563 1946 731 2017 referantur,
746 1956 775 2003 et
790 1945 825 2002 ad
839 1945 923 2017 vires,
938 1966 999 2005 non

211 2042 246 2100 ad
261 2043 441 2119 voluptatem.
484 2042 580 2118 Atque
599 2042 696 2113 etiam,
711 2043 734 2099 si
756 2030 937 2101 considerare
953 2063 1000 2100 vo-

163 2146 195 2196 ·ὶο
209 2139 313 2211 lumus,
329 2156 391 2214 quae
405 2138 486 2197 sitin
500 2139 605 2196 naturai
622 2139 804 2196 excellentia.
813 2148 841 2194 et
860 2138 997 2215 dignitas,

210 2236 412 2313 intelligemus,
427 2255 513 2311 quam
534 2236 571 2292 sit
590 2246 672 2310 turpe
686 2235 815 2292 diffluere
829 2235 952 2306 luxuria,
968 2248 998 2293 et

209 2334 332 2392 delicate
348 2350 382 2391 ac
400 2322 522 2391 molliter
538 2334 649 2402 vivere;
671 2352 813 2407 quamque
832 2333 996 2403 honestum,

207 2450 303 2508 parce,
319 2430 510 2501 continenter,
525 2448 633 2500 severe,
647 2429 750 2486 sobrie.

248 2524 473 2603 Intelligendum
494 2535 537 2582 est
558 2525 655 2595 etiarn,
668 2525 780 2583 duabus
801 2527 882 2601 quasi
902 2547 997 2586 nosa

169 2643 194 2693 35
207 2625 311 2681 natura
333 2622 448 2679 indutos
469 2641 532 2678 esse
554 2622 700 2698 personis;
730 2642 850 2697 quarum
872 2643 930 2681 una
952 2637 997 2682 est

207 2721 376 2792 communis,
396 2740 430 2777 ex
451 2739 487 2779 eo
506 2719 583 2801 quod
602 2738 702 2776 ornnes
721 2719 877 2794 participes
895 2740 997 2780 sumus

207 2817 336 2889 retronis,
359 2817 587 2894 prestantiaeque
614 2816 685 2892 ejus,
708 2817 765 2890 quai
793 2817 995 2893 antecellimus

207 2914 347 2987 bestiis&
367 2914 423 2991 qud
442 2933 528 2974 omne
549 2912 702 2971 honestum
724 2912 917 2988 decorumque
938 2924 995 2973 tra·
