2200 3492
144 150 186 213 at
484 162 692 212 occurrens.
915 158 956 220 [r.
968 160 991 206 1.

188 311 256 370 Unel
271 330 307 369 ex
322 332 352 370 re
365 311 437 370 satis
456 313 632 391 precipitur,
648 323 689 386 ut,
704 313 845 391 quidquid
861 315 924 372 sine
938 315 992 373 de-

189 410 327 468 trimonto
335 410 424 486 possit
432 412 621 484 commodari,
631 411 660 469 id
669 411 866 470 tribuaturvel
876 411 988 489 ignoto.

190 503 236 561 Ex
250 523 308 579 quo
322 515 390 562 sunt
404 504 454 563 illa
468 506 646 578 communia,
661 505 690 563 N
693 524 731 563 on
741 506 896 582 prohibere
912 507 988 582 aqud

188 600 371 678 profluente:
392 602 458 663 Pati
479 602 605 680 ab‘igne
625 602 724 680 ignem
745 620 861 680 capere,
875 602 900 660 si
921 603 989 678 quis

61 742 65 753 .
160 699 277 770 avelit3
309 699 473 757 Consilium
493 700 579 758 fidele
605 700 779 759 deliberanti
804 701 890 759 dare:
922 720 989 776 quac

182 788 259 855 'sunt
279 797 316 854 iis
337 796 419 855 utilia
433 797 482 874 qui
498 798 656 874 accipiunt,
672 798 754 857 danti
774 817 835 855 non
855 798 988 856 molesta.

188 894 293 956 Quare
314 905 343 951 et
364 894 409 952 his
430 894 571 952 utendum
586 905 640 967 est,
655 906 684 952 et
698 914 812 972 semper
827 894 937 971 aliquid
952 895 990 953 ad

191 1010 376 1050 communem
405 992 568 1059 utilitatem
589 993 776 1063 afferendum.
819 991 889 1064 Sed,
917 1010 991 1068 quo-

191 1089 270 1147 niam
290 1089 383 1164 copie
403 1108 498 1165 parve
512 1088 694 1167 singulorum
714 1100 798 1160 sunt3
820 1108 922 1148 eorum
940 1109 992 1148 au-

146 1196 177 1247 10
190 1197 260 1259 tem,
289 1187 338 1263 qui
373 1186 417 1245 his
443 1197 559 1265 egeant,
588 1186 701 1245 infinita
734 1197 779 1245 est
811 1186 989 1258 multitudo;

190 1284 317 1363 vulgaris
331 1280 489 1343 liberalitas
509 1284 662 1344 referenda
680 1294 725 1342 est
746 1284 782 1342 ad
801 1284 883 1342 illurn
897 1284 990 1342 Ennii
1028 1292 1031 1299 ’

191 1383 279 1443 taem
306 1380 340 1460 (“
350 1381 552 1467 Nihilominus
577 1381 633 1459 ipsi
658 1382 787 1463 lucet”)‚
810 1366 847 1440 ut¹
865 1381 990 1440 facultas

190 1480 239 1552 sit,
253 1480 312 1555 qual
325 1478 355 1538 in
369 1490 483 1539 nostros
495 1479 588 1538 simus
601 1478 743 1539 liberales.

231 1674 331 1733 XVII.
358 1675 601 1733 Gradusoautem
623 1675 722 1752 plures
746 1684 814 1734 sunt
836 1674 989 1734 societatis

146 1778 178 1828 15
191 1771 351 1831 hominurn.
392 1771 433 1830 Ut
452 1772 532 1831 enim
555 1772 591 1830 ab
613 1771 734 1830 infinite
745 1772 795 1831 ills
809 1772 988 1845 discedatur,

187 1868 309 1946 propior
323 1868 510 1946 est'ejusdem
525 1869 631 1948 gentis,
645 1869 783 1942 nationis,
798 1869 916 1947 lingua,
931 1871 990 1946 qui

190 1966 317 2026 *maxime
338 1964 471 2025 homines
493 1967 728 2045 conjunguntur:
757 1966 880 2026 interius
900 1967 988 2026 etiam

192 2074 246 2136 cst,
272 2064 402 2141 ejusdem
424 2082 488 2122 esse
515 2064 649 2131 civitatis.
692 2063 788 2122 Multa
814 2064 893 2121 enirn
921 2076 990 2122 sunt

193 2162 306 2220 civibus
325 2162 399 2220 inter
420 2182 451 2220 se
472 2162 656 2221 communia:
679 2163 783 2235 forum,
805 2162 882 2234 fana,
900 2163 990 2239 porti·

147 2263 179 2313 tc
193 2278 256 2331 cus,
270 2260 333 2332 viar,
354 2259 444 2336 leges,
463 2259 539 2336 jura,
558 2259 680 2336 judicia,
701 2260 847 2337 suffragia,
867 2256 990 2319 consue-

193 2356 319 2428 tudines,
346 2366 496 2432 praeterea,
524 2367 554 2414 et
584 2354 803 2430 familiaritates,
831 2356 988 2432 multisque

193 2472 260 2511 curn
275 2453 373 2510 multis
386 2472 433 2510 res
452 2453 637 2530 rationesque
660 2462 825 2512 contractae.
867 2453 988 2512 Arctior

193 2569 261 2608 vero
275 2549 425 2627 colligatio
441 2561 486 2608 est
499 2550 645 2609 societatis
658 2550 896 2627 propinquorum.
939 2550 988 2608 Ab

86 2632 100 2663 ⁹
156 2674 159 2679 ⁴
194 2648 243 2706 ills
262 2648 340 2705 enim
361 2648 503 2706 immensi
525 2647 665 2706 societate
686 2647 807 2705 humani
826 2648 942 2725 generis
957 2647 988 2707 in

147 2762 179 2812 25
193 2745 330 2822 exiguum
346 2755 558 2822 angustumque
572 2744 766 2804 concluditurt

234 2841 321 2914 Nam,
337 2861 404 2901 curn
425 2841 463 2900 sit
483 2842 541 2900 hoc
561 2841 666 2900 naturis
688 2853 843 2899 commune
858 2842 988 2900 animan·

193 2940 276 3011 tium,
301 2949 334 2996 ut
358 2930 493 2997 habeant-
509 2939 661 2999 libidinem
683 2938 868 3017 procreandi,
893 2939 987 3016 primo
