2200 3492
77 236 164 300 cnr
375 238 419 285 nn
440 236 587 285 ormcns.
865 223 923 283 ut

77 386 284 464 persequimur
305 387 424 464 ingenio
444 406 479 444 ac
499 384 621 456 ratione,
636 382 781 462 graviores
799 390 876 453 sunt,

79 502 169 560 quam
185 484 253 556 illae,
267 503 338 560 quas
352 483 468 543 viribus.
510 482 609 540 Prima
628 482 716 559 igitur
732 498 878 538 commen·

79 581 162 640 datio
189 580 384 657 proficiscitur
412 599 429 638 a
452 579 685 652 molestiarum
711 577 819 654 pietate
846 575 877 634 in

78 685 229 754 parentes,
250 685 312 733 tum
333 676 363 733 in
384 692 451 733 suos
475 674 684 733 benevolentis.
725 672 878 730 Facillime

80 783 182 831 autem
197 782 227 829 et
241 773 271 829 in
284 773 422 848 optimam
441 781 553 848 partem
573 779 789 847 cognoscuntur
811 768 908 826 ado-5

79 869 238 940 lescentes,
260 870 310 944 qui
333 888 365 927 se
390 868 425 926 ad
450 869 544 926 claros
571 877 601 924 et
624 866 768 944 sapientes
790 866 877 938 viros,

80 967 158 1024 bene
179 967 367 1024 consulentes
390 965 568 1041 reipublicae,
589 964 789 1022 contulerunt:
817 962 879 1037 qui·

19 1114 21 1123 ,
80 1063 209 1120 boscum
229 1062 254 1119 si
274 1062 439 1136 frequentes
466 1070 542 1132 sunt,
562 1060 728 1137 opinionem
756 1059 878 1120 afferunt

80 1159 201 1236 populo,
222 1177 324 1217 eorum
344 1158 405 1216 fore
425 1158 543 1231 similes,
559 1176 630 1233 quos
649 1156 705 1215 sibi
727 1156 781 1234 ipsi
801 1155 879 1213 dele·

82 1255 179 1334 gerint
195 1254 230 1312 ad
244 1254 425 1314 imitandum.
891 1260 923 1312 rt

121 1351 154 1410 P.
184 1351 292 1409 Rutilii
327 1350 562 1424 adolescentiam,
590 1351 627 1410 ad
656 1350 822 1427 opinionem
847 1358 878 1406 et

83 1446 262 1506 innocentiae
282 1458 312 1505 ct
329 1448 402 1525 juris
415 1449 556 1520 scientie,
570 1447 603 1506 P.
618 1446 713 1504 Mucii
733 1464 878 1504 commen·

84 1543 161 1602 davit
189 1546 301 1603 domus.
343 1544 421 1603 Nam
450 1545 483 1604 L.
506 1545 624 1620 quidem
652 1544 784 1613 Crassus,
809 1559 877 1598 cum

19 1678 21 1711 5
85 1651 160 1698 esset
181 1628 338 1698 admodum
360 1641 538 1714 adolescens,
554 1659 613 1698 non
634 1639 751 1697 aliunde
767 1648 878 1695 mutua-

19 1774 21 1817 ᾗ
85 1747 131 1794 tus
150 1747 205 1808 est,
228 1737 286 1801 sod=
300 1737 354 1795 sibi
375 1738 436 1814 ipse
456 1738 567 1814 peperit
588 1737 740 1794 maximam
761 1734 877 1792 laudem
891 1741 923 1792 15

19 1848 21 1889 ῐ
85 1852 119 1891 ex
138 1834 190 1891 illd
212 1834 402 1892 accusatione
426 1834 518 1893 nobili
541 1844 571 1891 et
594 1833 737 1910 gloriosi:
758 1842 797 1903 et,
819 1832 877 1906 qud

19 1942 20 1999 j
86 1941 176 2002 etate,
193 1930 243 2006 qui
263 1942 444 2003 exercentur,
459 1922 543 1988 laude
566 1931 641 1988 affici
661 1930 764 2001 solent,
781 1930 827 2007 (ut
840 1929 877 1987 de

86 2023 285 2084 Demosthene
311 2026 489 2105 accepimus)
518 2026 554 2084 ed
581 2025 674 2084 etate
691 2025 725 2084 L.
753 2026 877 2084 Crassus

86 2122 220 2193 ostendit,
236 2122 266 2178 id
287 2141 320 2179 se
337 2122 368 2179 in
389 2123 453 2181 soro
473 2123 581 2199 optime
598 2123 657 2199 jam
678 2123 783 2195 lacere,
799 2121 876 2197 quod

19 2214 21 2287 ᾖ
86 2218 248 2276 etiamtum
262 2218 804 2295 poteratdomicnmlaudemeditari.
890 2231 923 2281 20

19 2386 21 2459 i
122 2411 207 2470 XIV.
239 2412 309 2483 Sed,
337 2431 404 2470 cum
431 2414 536 2489 duplex
564 2413 636 2471 ratio
663 2412 701 2470 sit
727 2410 876 2482 orationis,

86 2526 205 2583 quarum
227 2508 258 2565 in
280 2509 370 2566 alterii
390 2528 485 2566 sermo
493 2511 545 2580 sit,
560 2510 590 2566 in
606 2509 695 2566 alterd
709 2507 877 2578 contenti03

19 2610 21 2675 l
86 2623 142 2662 non
163 2614 209 2661 est
229 2604 258 2661 id
279 2605 396 2680 quidem
416 2605 632 2681 dubium,'quin
651 2605 799 2662 contentio
815 2624 878 2662 ora-

19 2684 21 2737 7
86 2700 172 2759 tionis
196 2701 335 2778 majorem
360 2701 416 2759 vim
437 2703 543 2760 habeat
565 2703 600 2759 ad
621 2701 759 2779 gloriam:
780 2721 816 2760 ea
833 2712 877 2759 est

84 2799 172 2867 enim,
194 2817 280 2873 quam
302 2798 496 2873 eloquentiam
525 2799 659 2856 dicimus,
700 2799 759 2855 Sed
780 2809 876 2855 tamen
889 2805 922 2855 95

87 2893 202 2952 difficile
222 2895 302 2951 dictu
324 2903 377 2966 est,
399 2905 576 2971 quantopere
599 2895 738 2952 conciliet
766 2894 877 2951 animos

89 2988 233 3048 hominum
255 2991 378 3049 comitas
400 2991 608 3067 affabilitasque
627 2991 777 3048 sermonis.
819 2988 876 3049 Ex·
