2200 3492
95 246 166 309 aa]
371 244 414 292 un
433 241 582 294 ort-*rona
821 204 826 213 ⁴
885 234 925 294 43

88 387 165 446 aiore
193 392 284 449 causa
311 391 453 469 impediti,
475 415 493 452 a
514 393 665 471 republica
685 404 878 468 recesserunt,

88 505 152 545 cum
163 487 228 564 ejus
242 490 476 551 administranda
486 502 656 568 potestatem
669 492 742 564 aliis,
753 491 867 550 laudem

87 602 150 659 que,
166 586 373 644 concederent.
413 587 533 650 Quibus
554 598 651 647 autem
670 589 736 647 talis
749 590 828 646 nulla
841 588 880 647 sit

87 698 182 754 causa,
206 682 231 739 si
255 683 405 760 despicere
428 704 459 742 se
481 685 582 743 dicant
601 704 646 756 ea,
666 676 730 761 qua}
749 685 878 761 plerique

14 848 16 863 .
86 778 237 851 mirentur,
254 780 375 857 imperia
394 791 424 840 et
444 782 639 858 magistratus,
661 782 697 839 iis
715 801 774 840 non
792 782 878 840 modo
893 790 909 838 5

15 928 16 933 ,
85 894 142 932 non
169 876 264 948 laudi,
290 897 391 937 verum
417 879 505 936 etiam
532 879 613 950 vitio,
641 879 767 937 dandum
797 890 878 955 puto.

84 970 222 1034 Quorum
240 974 395 1050 judicium,
410 975 441 1033 in
461 995 496 1035 eo
516 977 593 1052 quod
614 976 734 1053 gloriam
754 989 880 1034 contem·

85 1079 154 1126 nant
177 1080 210 1128 et
228 1089 283 1146 pro
302 1071 394 1130 nihilo
412 1081 523 1148 putent,
539 1072 657 1130 difficile
671 1072 750 1130 factu
763 1083 879 1129 estnon

84 1167 231 1241 probare:
253 1168 304 1225 sed
317 1168 450 1227 videntur
468 1169 583 1227 labores
602 1182 631 1227 et
648 1169 804 1242 molestias,
819 1179 880 1227 tum

15 1292 16 1325 ;
84 1263 290 1336 offensionum,
306 1274 366 1322 tum
381 1266 570 1341 repulsarum,
586 1266 667 1341 qussi
682 1266 825 1343 quandam
840 1265 881 1343 ig·
895 1272 926 1321 10

14 1342 16 1357 ⁴
85 1360 260 1432 nominiam,
275 1361 387 1433 timere,
402 1372 430 1420 et
444 1362 602 1420 infamiam.
644 1363 720 1419 Sunt
733 1363 820 1433 enim,
830 1362 881 1438 qui

87 1455 115 1513 in
129 1458 221 1515 rebus
244 1456 397 1516 contrariis
417 1478 520 1535 parum
539 1460 594 1517 sibi
615 1469 763 1528 constent3
784 1460 882 1534 volup-

15 1540 16 1543 *
86 1563 173 1611 tatem
183 1554 368 1613 severissime
378 1566 576 1627 contemnant,
589 1555 618 1613 in
634 1555 730 1613 dolore
743 1556 802 1611 sint
812 1555 882 1612 mol·

14 1722 16 1735 s
87 1650 189 1722 liores3
221 1651 341 1728 gloriam
363 1653 524 1730 negligant,
549 1652 718 1735 frangantur
742 1650 880 1710 infamia:

88 1757 171 1823 atque
188 1769 224 1806 ea
239 1749 356 1824 quidem
369 1770 428 1807 non
443 1751 512 1808 satis
527 1759 702 1808 constanter.
896 1759 926 1807 15

126 1847 186 1902 Sed
203 1846 249 1916 iis,
263 1846 312 1921 qui
327 1846 433 1904 habent
449 1847 581 1905 anaturia
602 1847 767 1924 adjumenta
784 1864 880 1903 rerum

14 2000 15 2007 ,
90 1943 295 2016 gerendarum,
306 1943 418 2019 abjecta
427 1944 506 2001 omni
516 1945 712 2016 cunctatione,
723 1944 882 2021 adipiscen-

15 2056 16 2085 r
91 2037 119 2093 di
133 2039 332 2115 magistratus,
346 2049 375 2096 et
389 2040 517 2117 gerenda
538 2040 704 2116 respublica
722 2051 773 2098 est.
814 2037 881 2096 Nec
902 2100 905 2105 ,

14 2166 16 2209 3
92 2135 166 2191 enim
182 2136 266 2192 aliter
283 2146 331 2192 aut
351 2136 413 2213 regi
435 2136 545 2208 civitas,
562 2147 610 2194 aut
631 2137 771 2205 declarari
793 2135 881 2194 animi

93 2232 271 2309 magnitudO,
281 2240 382 2307 potest.
411 2233 636 2308 Capessentibus
646 2245 739 2290 autem
750 2233 882 2308 rempub·
896 2245 927 2293 20

14 2354 16 2369 s
93 2325 177 2385 licam
195 2327 290 2384 nihilo
305 2329 409 2400 minuS,
424 2348 508 2404 quam
524 2329 708 2407 philosophis,
724 2328 798 2391 haud
820 2329 882 2391 scio

14 2462 15 2467 κ
96 2442 128 2480 an
148 2425 242 2500 magis
256 2425 354 2495 etiam,
370 2435 398 2483 et
413 2425 635 2500 magnificentia,
651 2437 679 2481 et
694 2425 884 2500 despicientia

96 2520 258 2578 adhibenda
280 2520 317 2577 sit
339 2539 433 2577 rerum
456 2521 654 2591 humanarum,
679 2531 708 2577 et
731 2540 775 2590 ea,
797 2540 881 2595 quam

97 2634 167 2693 sape
182 2618 260 2688 dico,
275 2628 304 2673 et
319 2617 509 2692 tranquillitas
524 2618 611 2674 animi
627 2628 711 2691 atque
726 2618 882 2688 securitas;

98 2712 118 2769 si
133 2714 248 2788 quidem
263 2733 320 2770 nec
335 2712 413 2771 anxii
426 2714 513 2770 futuri
529 2723 606 2785 sunt,
621 2724 729 2771 etcum
744 2714 883 2789 gravitate
898 2721 929 2768 95

100 2811 314 2885 constantiaque
342 2810 465 2879 victuri.v
495 2810 573 2872 Quae
598 2830 633 2867 eo
661 2809 792 2868 faciliora
818 2821 884 2867 sunt

99 2905 282 2983 philosophis,
306 2926 363 2982 quo
387 2907 481 2963 minus
504 2907 595 2964 multa
616 2918 714 2983 patent
735 2907 764 2963 in
786 2925 884 2963 eorum

102 3001 165 3075 titi,
180 3022 243 3079 quae
265 3003 380 3061 fortuna
400 3003 493 3074 feriat,
509 3012 538 3060 et
551 3022 608 3078 quo
624 3002 829 3085 minuslmultis
844 3019 886 3057 re·
