2200 3492
89 202 173 262 nm]
381 203 426 251 nn
447 203 594 253 omrcns.
872 197 931 257 135

128 352 173 410 At
191 371 258 410 vero
278 353 387 411 Aratus
407 353 564 430 Sicyonius
582 352 647 430 jure
667 352 810 426 laudatur,
824 354 885 429 qui,

87 468 157 526 epm
179 449 244 525 ejus
263 449 365 507 civitas
385 450 594 533 quinquaginta
615 469 707 508 annos
724 450 885 526 styrannis

86 557 247 618 teneretur,
261 546 408 621 profectus
418 547 507 624 Argis
521 547 689 623 Sicyonem,
704 547 884 606 clandestino

87 643 208 703 introitu
236 643 307 700 urbe
335 653 378 701 est
404 644 522 720 potitus.
570 644 703 720 Cumque
730 655 884 723 tyrannum

85 739 245 798 Nicoclem
267 739 419 816 improviso
444 740 642 815 oppressisset,
663 751 817 799 sexcentos
837 748 914 799 err-5

85 836 161 907 oles,
188 835 237 911 qui
269 835 383 893 fuerant
414 836 479 912 ejus
505 836 630 894 civitatis
656 836 882 913 locupletissimi,

85 933 231 1003 restituit;
256 952 375 1008 remque
395 933 541 1008 publicam
563 934 688 991 adventu
708 953 762 991 suo
781 934 885 991 libera·

85 1029 136 1087 rit.
181 1031 250 1102 Sed,
266 1050 333 1087 cum
347 1049 483 1106 magnam
504 1030 743 1088 animadverteret
757 1031 786 1087 in
801 1030 884 1088 bonis

84 1137 119 1184 et
130 1127 362 1203 possessionibus
383 1126 591 1198 difficultatem,
606 1126 684 1202 quod
697 1137 727 1184 et
741 1145 792 1184 eos
811 1144 884 1202 quos

85 1224 151 1300 ipse
171 1224 347 1296 restituerat,
367 1242 489 1307 quornm
510 1224 586 1281 bone
610 1223 659 1281 alii
685 1224 882 1300 possederant,
898 1234 929 1283 1⁰

86 1339 176 1397 egere
191 1320 404 1395 iniquissimum
419 1319 620 1393 arbitrabatur,
632 1331 661 1378 et
675 1320 884 1398 quinquaginta

85 1435 232 1475 annorum
252 1417 446 1492 possessiones
466 1417 575 1475 moveri
595 1436 652 1475 non
671 1417 757 1474 nimis
771 1437 883 1492 equum

83 1501 217 1589 putabat,
231 1523 385 1589 propterea
403 1513 479 1588 quod
501 1523 561 1570 tam
581 1512 671 1590 longo
685 1513 778 1588 spatio
793 1514 885 1570 multa

86 1609 316 1678 haereditatibus,
332 1609 422 1666 multa
435 1608 642 1685 emptionibus,
653 1608 743 1665 multa
757 1607 883 1680 dotibus,

85 1706 262 1763 tenebantur
287 1705 352 1763 sine
379 1705 501 1782 injurii3
533 1704 685 1782 judicavit,
709 1724 803 1780 neque
827 1704 929 1766 illis15

86 1802 187 1875 adimi,
216 1821 311 1878 neque
344 1801 390 1859 his
423 1819 482 1859 non
509 1801 654 1874 satisfieri,
680 1821 804 1877 quorum
835 1801 884 1860 illa

86 1899 211 1970 fuerant,
232 1909 374 1974 oportere.
416 1899 493 1956 Cum
520 1899 609 1976 igitur
633 1899 789 1970 statuisset,
810 1918 884 1975 opus

85 2015 150 2053 esse
167 1995 202 2052 ad
222 2015 286 2053 eam
307 2015 369 2053 rem
389 1996 624 2055 constituendam
645 1996 780 2071 pecuniis,
796 1997 884 2053 Alex·

86 2092 218 2151 andriam
240 2111 271 2149 se
291 2092 439 2168 proficisci
460 2091 533 2149 velle
554 2091 646 2160 dixit;
672 2110 790 2166 remque
812 2092 884 2149 inte·

85 2208 168 2266 gram
184 2188 220 2247 ad
236 2189 360 2246 reditum
380 2207 465 2246 suum
483 2187 568 2263 jussit
584 2205 664 2244 esse:
687 2187 767 2262 isque
782 2187 882 2244 celeri·
896 2201 928 2251 20

85 2298 129 2343 ter
153 2284 188 2343 ad
216 2285 415 2358 Ptolemaeum,
437 2303 521 2341 suum
549 2284 703 2359 hospitem,
725 2283 812 2353 veuit,
833 2284 882 2358 qui

85 2395 147 2441 tum
164 2383 305 2459 regnabat
320 2382 390 2439 alter
410 2391 476 2458 post
490 2380 697 2439 Alexandriam
717 2379 880 2438 conditam:

84 2481 135 2539 eui
158 2499 225 2537 eum
247 2479 436 2554 exposuisset,
456 2477 578 2554 patriam
599 2498 630 2534 se
653 2472 778 2534 liberare
797 2475 880 2550 velle,

85 2595 263 2650 causamque
284 2574 446 2646 docuisset;
470 2593 568 2651 erege
589 2574 727 2649 opulento
743 2574 784 2630 vir
806 2595 882 2632 sum·

85 2693 152 2735 mus
169 2673 255 2731 facile
277 2672 449 2747 impetravit,
464 2682 496 2729 ut
510 2671 613 2748 grandi
627 2671 753 2748 peounid
768 2672 881 2749 adjuva·
894 2689 926 2737 25

84 2783 173 2828 retur.
214 2769 314 2831 Quam
330 2788 397 2826 eum
412 2769 570 2843 Sicyonem
586 2768 737 2840 attulisset,
750 2769 880 2826 adhibuit

83 2866 140 2925 sibi
156 2866 184 2923 in
200 2865 355 2924 consilium
377 2863 544 2939 quindecim
564 2863 722 2940 principes,
737 2864 880 2938 eumqui·

84 2963 140 3020 bus
162 2983 265 3021 causas
287 2960 426 3039 cognovit
445 2970 474 3017 et
495 2979 596 3021 eorum
616 2959 666 3035 qui
688 2959 782 3017 aliena
800 2970 880 3015 tene·
