2200 3492
498 222 542 269 ns
561 221 708 269 osricus.
935 222 1009 283 [ni

213 371 313 448 primis
341 383 438 432 cutem
468 375 703 435 constituendum
727 383 780 445 est,
803 390 874 450 quos
897 392 953 432 uos
976 384 1009 432 et

213 469 312 545 quoles
331 489 395 528 esse
409 472 539 545 velimus,
555 483 584 529 et
602 472 632 528 in
645 490 703 547 quo
716 490 823 548 genere
837 471 918 530 vitre:
940 491 1008 547 quae

213 566 383 626 deliberatio
393 578 438 626 ost
446 569 576 627 omnium
587 568 764 626 difficillima.
791 567 914 626 Ineunte
924 568 1008 626 enim

214 663 418 737 adolescendo,
436 684 503 723 cum
522 676 568 724 est
587 666 712 722 maximo
732 665 914 723 imbecillitas
934 684 1009 723 eon·

181 760 281 830 5silii,
295 770 356 818 tum
378 761 407 818 id
430 763 484 820 sibi
503 764 625 837 quisque
646 781 738 839 genus
756 761 849 819 aetntis
863 761 1007 838 degendae

212 859 370 931 constituit,
392 857 469 934 quod
497 859 621 917 maxime
643 859 802 916 adamavit:
824 858 920 933 itaque
936 869 1006 917 ante

212 953 375 1028 implicatur
395 956 489 1032 aliquo
503 965 584 1014 certo
598 973 704 1032 genere
718 973 862 1030 cursuque
876 954 1005 1027 vivendi,

210 1070 295 1126 quam
306 1052 409 1127 potuit,
419 1053 495 1129 quod
507 1042 647 1129 optimum
658 1061 744 1123 esset,
750 1052 890 1128 judicare.
911 1051 942 1108 N
945 1071 1004 1123 nm,

211 1148 287 1223 quod
310 1148 468 1207 Herculem
490 1149 657 1208 Prodicium
678 1149 779 1206 dicunt
795 1147 841 1226 (ut
860 1158 905 1207 est
925 1148 1005 1224 apud

166 1252 197 1301 10
211 1243 450 1326 Xenophontem)
475 1265 541 1303 cum
564 1246 687 1321 primum
712 1247 885 1322 pubesceret
909 1238 1005 1322 (quod

210 1352 323 1418 tempus
344 1362 361 1400 a
380 1343 492 1415 naturti,
508 1322 545 1400 ad
564 1342 760 1420 deligendum,
775 1360 860 1417 quam
881 1343 1004 1418 quisque

211 1437 285 1496 riom
304 1439 420 1499 vivendi
440 1439 477 1497 sit
497 1439 687 1517 ingressurus,
709 1440 807 1497 datum
827 1440 884 1517 est)
905 1438 1005 1498 exisse

211 1535 241 1592 in
262 1536 458 1609 solitudinem,
479 1547 567 1612 utque
585 1536 625 1594 ibi
647 1537 806 1609 sedentem,
825 1537 875 1594 diu
898 1554 1004 1594 secum

98 1709 99 1714 ἵ
210 1634 389 1709 multumque
410 1633 568 1705 dubitdsse,
590 1653 656 1692 cum
680 1634 753 1693 duas
774 1643 907 1691 cerneret
927 1633 1002 1706 vias,

164 1745 195 1793 15
212 1748 298 1787 unum
312 1730 486 1804 Voluptatis,
502 1731 619 1788 alteram
634 1730 767 1802 Virtutis,
779 1740 871 1789 utram
886 1730 1003 1808 ingredi

210 1825 314 1882 melius
333 1835 408 1882 esset
416 1845 424 1896 ;
452 1825 508 1883 hoc
528 1825 661 1899 Herculi,
675 1826 757 1886 lovis
770 1837 833 1887 satu
847 1827 936 1899 edito,
950 1845 1003 1902 po·

209 1919 265 1977 tuit
293 1919 413 1978 fortasse
440 1921 630 1999 contingere:
660 1923 744 1981 nobis
766 1942 825 1980 non
848 1922 928 1994 item,
950 1923 1002 1998 qui

210 2014 366 2088 imitamur,
381 2036 454 2093 quos
467 2018 573 2095 cuique
587 2019 679 2077 visum
689 2029 744 2092 est,
757 2030 841 2095 atquo
852 2020 888 2077 ad
899 2039 1001 2078 eorum

210 2112 306 2171 studio
319 2113 506 2191 institutoque
520 2116 702 2192 impellimur.
744 2117 878 2192 Plerique
890 2126 1001 2189 eutem,

163 2230 195 2280 20
209 2225 382 2284 parentium>
392 2213 544 2288 preceptis
558 2213 669 2286 imbuti,
682 2213 718 2270 ad
732 2232 831 2271 eorum
846 2228 1002 2273 cousuetu-

210 2305 307 2367 dinem
329 2327 496 2385 moremque
516 2309 704 2367 deducimur:
737 2310 785 2368 olii
806 2310 1001 2369 multitudinis

207 2402 320 2479 judicio
333 2406 480 2476 feruntu13
501 2424 622 2482 quaeque
636 2407 735 2482 majori
748 2408 822 2483 parti
843 2407 1001 2484 pulcherri-

211 2522 259 2560 ma
284 2503 429 2575 videntur,
457 2522 493 2560 ea
519 2503 644 2560 maxime
677 2514 831 2580 exoptant:
865 2504 1000 2561 nonnulli

208 2607 317 2670 tumen,
341 2599 402 2656 sive
422 2598 561 2656 felicitate
578 2597 712 2673 quidam,
727 2600 787 2657 sive
807 2601 933 2658 bonitate
950 2619 1002 2657 na·

163 2708 194 2757 tt>
209 2705 291 2768 turre,
306 2696 365 2752 sive
386 2693 547 2771 parentium
569 2694 732 2772 disciplinis,
746 2707 857 2755 rectum
869 2697 936 2754 vitae
958 2716 1001 2755 se·

210 2792 271 2852 cuti
285 2802 352 2850 sunt
366 2793 448 2851 viam.

249 2987 399 3048 XXXIII.
429 2988 506 3048 Illud
529 3002 624 3049 autem
644 2942 768 3050 manime
792 3009 888 3049 rurum
908 3009 1002 3070 genus
