2200 3492
194 191 234 249 98
461 188 468 199 ‘
531 207 576 255 ue
594 207 741 254 omens.
952 205 1043 266 [are

281 355 318 414 V.
339 355 501 434 Longiores
520 357 578 415 hoc
597 357 664 415 loco
684 375 793 430 eumue,
808 374 895 433 quam
913 373 1041 415 neeesse

242 462 295 510 eat
334 451 413 515 Quis
426 463 470 511 est
483 453 573 524 enim,
585 454 636 512 cui
656 473 716 511 non
735 453 890 531 perspicue
902 454 962 512 siut
974 453 1038 528 illa,

241 568 306 625 que
325 550 455 626 pluribus
469 551 565 609 verbis
578 570 596 609 a
608 549 738 613 Panaetio
758 561 1037 624 commemorantur,

242 646 388 705 neminem
418 666 512 721 neque
539 647 645 706 ducem
676 647 753 707 bello
783 666 841 706 nec
870 647 1037 725 principem

209 742 331 815 ‘domi
353 762 473 821 maguae
498 753 596 801 reret
621 744 771 816 salutares,
792 744 855 802 eine
882 744 1037 803 hominum

242 838 354 911 studiis,
381 858 482 917 gerere
508 840 657 916 potuisset
697 840 970 900 Commemorantur
997 843 1037 900 ab

240 953 278 994 eo
310 935 535 1008 Themistocles,
566 936 706 1009 Pericles,
733 937 838 1013 Cyrus,
865 938 1035 1015 Agesilaus,

208 1040 211 1043 ’
241 1030 418 1105 Alexander,
437 1053 511 1110 qnos
536 1043 634 1112 negat,
658 1034 727 1099 aine
746 1035 919 1111 adjumentis
940 1036 1036 1094 homi-

241 1148 321 1202 num,
336 1139 430 1188 tantae
450 1150 497 1188 ree
516 1131 632 1188 efficere
652 1131 788 1208 potuisse.
832 1131 936 1204 Utitur,
952 1129 984 1191 iu
1002 1150 1035 1190 re

195 1233 226 1286 1⁰
240 1244 299 1283 nou
314 1226 413 1298 dubit,
427 1227 550 1284 testibus
563 1246 622 1286 non
636 1228 817 1287 necessariis.
964 1216 966 1219 ⁸

280 1323 388 1398 Atque,
403 1332 436 1380 ut
455 1341 575 1403 magnas
595 1323 734 1382 utilitates
757 1324 943 1401 adipiscimur
964 1344 1035 1384 oon·

241 1419 396 1496 spiratione
423 1421 573 1479 hominum
601 1431 686 1497 atque
713 1440 866 1494 consensu,
887 1421 932 1480 eie
951 1416 1035 1481 nulla

240 1525 300 1574 tam
320 1517 498 1576 detestabilis
516 1518 605 1594 pestis
624 1527 678 1589 eet,
699 1537 762 1593 qun
782 1537 842 1575 non
862 1517 977 1577 homini
998 1519 1034 1577 ab

241 1614 358 1672 homine
381 1624 524 1673 nascetur.
566 1614 620 1672 Est
646 1613 811 1673 Dicaearchi
838 1615 910 1672 liber
930 1615 971 1672 de
991 1616 1035 1674 in·

193 1725 226 1776 15
240 1709 327 1768 teritu
348 1711 508 1783 hominum,
527 1710 714 1788 Peripatetici
733 1711 831 1789 magui
851 1721 881 1769 et
898 1713 1033 1789 eopioei;

240 1806 301 1882 qui,
329 1804 459 1865 collectis
491 1806 605 1865 craterio
631 1807 737 1880 causis,
765 1808 916 1882 eluvionis,
944 1811 1034 1886 pesti·

239 1902 346 1976 lentie,
378 1903 536 1975 vastitatis,
561 1904 721 1963 belluarum
754 1905 841 1964 etiam
874 1908 1033 1984 repentine

240 1998 433 2057 multitudinis
467 1998 603 2077 (quarum
636 2001 746 2078 impetu
780 2002 866 2060 docet
898 2004 1034 2078 quaedurn

240 2095 389 2156 hominum
410 2116 519 2173 genera
537 2117 601 2157 ease
620 2101 818 2179 consumpta),
833 2098 940 2158 deinde
953 2120 1034 2161 com·

193 2210 226 2262 m
239 2203 330 2270 parat,
351 2205 459 2269 quanto
480 2195 576 2271 plures
595 2195 683 2255 deleti
702 2196 762 2255 sint
784 2197 916 2255 homiues
940 2198 1034 2257 homi·

239 2308 310 2349 num
324 2290 442 2367 impetu,
457 2290 487 2349 id
501 2303 555 2365 eet,
571 2293 653 2350 bellis
667 2303 717 2351 aut
729 2293 931 2367 reditionibus,
944 2314 1033 2375 quam

239 2387 319 2445 omni
333 2388 444 2464 reliqui
458 2389 632 2448 calamitate.

279 2482 356 2541 Cum
369 2483 456 2561 igitur
470 2486 519 2544 hic
532 2486 614 2545 locus
627 2488 699 2546 nihil
714 2488 819 2547 lrabeat
828 2489 1031 2562 dubitationis,

240 2578 309 2655 quin
338 2580 468 2651 homiues
494 2582 650 2659 plurimum
677 2584 843 2643 hominibus
863 2594 892 2644 et
918 2587 1033 2663 proaint

191 2681 224 2734 25
239 2683 272 2731 et
296 2674 415 2748 obsintp
442 2677 590 2755 proprium
609 2680 672 2738 -hoo
699 2689 794 2739 statuo
816 2700 880 2738 esse
906 2681 1030 2754 virtutis,

238 2770 397 2833 conciliare
424 2773 536 2832 animos
563 2774 724 2850 hominnm,
748 2788 778 2836 et
804 2778 840 2835 ad
867 2797 938 2836 usus
964 2798 1032 2839 enos

240 2866 404 2946 adjungere.
444 2869 557 2948 Itaque,
570 2891 634 2950 que
647 2874 678 2932 in
691 2876 778 2934 rebua
796 2874 943 2948 inanimis,
955 2895 1031 2953 qne·
