2200 3492
74 208 166 268 nri]
375 208 420 256 nn
441 207 589 257 ormcns.
868 192 924 252 117

75 358 258 432 ulciscendi,
280 369 313 416 ut
334 359 394 417 duo
414 358 547 429 Luoufli3
578 367 628 415 aut
650 357 822 434 patrocinio,
845 368 877 414 ut

75 474 134 513 nos
157 474 214 531 pro
237 454 355 528 Siculis,
380 453 446 533 [pro
467 455 583 525 Sardis;
612 473 663 530 pro
684 451 726 512 M.
749 453 877 511 Albucio

77 551 204 634 Julius]
258 551 294 610 In
319 553 484 611 sooussndo
507 551 596 610 etiam
619 549 661 608 Μ’
686 550 816 626 Aquilio,
841 549 875 608 L.

77 648 159 706 Fufii
183 649 304 726 cognita
324 648 467 706 industris
488 659 540 706 est.
583 648 682 706 Semel
706 647 803 725 igitur,
827 657 876 705 aut

78 764 137 804 non
167 764 246 821 sepe
273 755 369 803 eene:
404 745 450 802 sin
476 745 541 817 erit,
570 744 619 803 eui
645 744 811 802 iaciendum
838 743 909 801 sits

78 841 199 918 sepius,
224 840 392 918 reipublice
414 842 525 901 tribuat
546 841 604 898 hoe
631 841 769 912 muneris,
793 840 876 916 eujus

78 939 220 997 inimioos
230 939 333 996 uleisoi
344 939 458 1014 sepius,
470 947 584 996 nonest
596 937 875 1014 reprehendendum.

79 1033 193 1093 Modus
219 1045 317 1095 tumen
344 1035 436 1094 edsit:
471 1015 546 1092 duri¹
563 1035 642 1092 enim
668 1034 804 1106 hominis,
831 1032 875 1090 vel

78 1131 179 1207 potius
207 1131 254 1189 rix
281 1131 416 1203 hominis,
439 1132 562 1202 videtur,
585 1130 746 1206 periculum
773 1129 877 1206 eapitis

80 1227 192 1286 inferre
216 1228 322 1287 multis.
374 1226 409 1285 Id
434 1247 501 1285 eum
525 1227 721 1304 periculosum
744 1226 799 1303 ipsi
822 1235 876 1298 est,
893 1231 924 1282 1⁰

80 1335 143 1382 tum
166 1325 257 1382 etiarn
277 1323 425 1383 sordidum
448 1323 484 1381 nd
506 1324 621 1394 famam,
640 1322 877 1395 committerent

82 1432 239 1479 aecusator
262 1421 429 1491 nominem
460 1420 538 1496 quod
562 1420 686 1496 eontigit
709 1417 751 1476 M.
774 1419 876 1491 Bruto,

81 1535 197 1575 summo
218 1527 425 1598 genere-nam,
440 1517 519 1575 illius
539 1516 609 1588 filio,
624 1515 674 1591 qui
692 1514 766 1592 juris
783 1514 878 1572 uirilis

83 1615 114 1672 in
127 1614 231 1691 primis
243 1613 354 1690 peritus
367 1613 430 1671 suit.
508 1618 513 1622 “

122 1712 224 1786 Atque
245 1710 333 1768 etium
355 1710 412 1768 hoe
432 1719 608 1788 preceptum
621 1708 710 1767 officii
723 1708 878 1787 diligenter
894 1717 925 1766 15

82 1808 242 1869 tenendum
270 1817 325 1878 est,
352 1826 390 1865 ne
416 1826 502 1884 quem
531 1825 659 1882 unquam
679 1805 878 1881 *innocentem

81 1903 195 1980 judicio
219 1903 325 1979 eapitis
349 1922 493 1962 arcessas:
525 1902 555 1960 id
580 1903 658 1961 enim
681 1902 746 1961 sine
768 1902 879 1961 scelere

84 2000 148 2061 fieri
175 2001 257 2059 nullo
283 2010 369 2076 preto
395 2009 498 2077 potest.
547 1999 626 2057 Num
653 2000 722 2076 quid
749 2010 793 2057 est
818 2009 878 2057 tam

85 2096 288 2169 inhumanum,
316 2115 401 2172 quam
427 2097 632 2173 eloquentiam,
659 2116 677 2154 a
702 2097 816 2168 naturis,
842 2095 878 2153 ud

86 2194 209 2252 sulutem
228 2193 378 2251 hominum
396 2203 427 2251 et
445 2193 481 2251 ed
500 2193 756 2264 conservationem,
771 2193 877 2263 datam,
893 2195 926 2246 2⁰

87 2290 123 2367 ud
150 2291 293 2351 bonorum
317 2301 427 2367 pestem
450 2290 667 2366 perniciemque
692 2289 879 2347 convertere?

86 2386 153 2445 Neo
166 2397 276 2455 tamen,
290 2397 322 2444 ut
335 2387 392 2445 hoo
406 2387 575 2464 fugiendum
589 2396 643 2457 est,
657 2386 699 2444 ita
714 2384 881 2445 habendum

89 2494 132 2541 est
165 2484 311 2562 religioni,
338 2494 494 2543 nocentem
528 2483 692 2559 aliquando,
722 2482 808 2539 modo
841 2501 880 2540 ne

89 2580 230 2639 nefarium
246 2579 434 2657 impiumque,
448 2580 612 2638 defendere.
653 2578 725 2636 Vult
737 2578 794 2635 hoo
808 2578 880 2636 mul·

89 2677 198 2747 titud03
227 2676 336 2752 patitur
354 2676 550 2746 eonsuetud03
572 2676 628 2733 fert
647 2674 734 2735 etiam
749 2675 879 2733 humani·
894 2677 926 2726 ᾗ

89 2782 140 2831 tas.
181 2771 297 2830 Judiois
317 2782 370 2844 est,
385 2791 497 2848 semper
514 2772 543 2829 in
559 2771 654 2829 causis
667 2790 766 2829 verum
780 2771 861 2846 sequi
870 2791 878 2842 ;

88 2870 211 2946 patroni,
226 2887 435 2943 nonnunquam
456 2869 620 2940 verisimile,
635 2868 721 2927 etiarn
741 2868 765 2924 si
783 2867 880 2925 minus

90 2966 128 3027 sit
141 2985 250 3039 rerum,
265 2965 437 3025 defendero:
459 2966 536 3047 quod
558 2964 685 3024 seribere
708 2961 879 3042 (presertim
