2200 3492
173 129 208 187 lt
505 143 549 189 nn
569 143 715 190 ormena.
937 140 975 204 [t.
988 146 1006 193 r.

255 287 290 347 ln
298 290 455 367 primisque
466 291 593 350 hominis
602 301 647 350 est
654 292 771 369 propria
780 294 841 349 veri
850 291 1008 367 inquisitio,

216 397 302 462 atque
317 388 510 467 investigatio.
551 389 664 465 Itaque,
678 408 745 447 cum
763 408 862 446 sumus
876 408 1010 447 necessa·

216 485 266 542 riis
279 485 405 562 negotiis
426 486 562 563 cutisque
582 485 677 558 raoni,
691 496 752 543 tum
768 504 885 543 avemus
900 484 1009 561 aliquid

215 581 323 655 videre,
334 583 443 655 audire,
454 583 604 641 addiscere
616 602 623 640 ε
644 582 899 660 cognitionemque
911 600 1008 639 rerum

183 683 201 732 o
216 689 265 735 aut
278 679 458 737 occultarum
475 690 523 739 aut
537 679 749 737 admirabilium
765 678 800 736 ad
816 679 899 736 beate
913 678 1010 736 riven-

214 775 284 833 dum
305 758 499 834 necessariim
520 775 673 839 ducimus:
694 795 730 833 ex
750 794 807 852 quo
826 775 1008 852 intelligitur,

213 872 293 949 quod
314 891 423 945 rerum,
445 864 577 950 simplex,
598 873 801 949 sincerumque
825 871 872 944 sit,
894 871 923 929 id
944 889 1009 930 esso

215 979 325 1027 naturae
340 968 466 1026 hominis
480 969 667 1046 aptissimum.

256 1065 336 1125 Huic
350 1066 409 1123 veri
429 1067 547 1124 videndi
568 1065 720 1142 cupiditati
741 1066 878 1143 adjuncta
896 1077 941 1124 est
962 1085 1010 1144 ap-
1078 1082 1083 1093 ·

170 1177 201 1227 10
214 1164 318 1242 petitio
345 1164 474 1239 quadam
502 1160 693 1240 principalius,
717 1173 748 1221 ut
771 1163 882 1220 nemini
905 1181 1009 1239 parere

215 1261 329 1319 animus
343 1262 418 1317 bene
433 1280 450 1318 a
463 1261 567 1318 naturd
588 1259 761 1318 informatus
775 1260 853 1331 velit,
868 1260 923 1319 nisi
938 1279 1010 1336 pm·

215 1357 346 1435 cipienti‚
368 1367 417 1415 aut
438 1357 567 1429 docenti,
588 1367 648 1433 aut,
666 1355 799 1414 utilitatis
819 1357 919 1428 causi,
930 1358 1008 1434 juste

214 1466 244 1514 et
264 1455 394 1532 legitime
415 1454 586 1531 imperanti:
606 1472 644 1513 ex
661 1472 719 1530 quo
733 1453 822 1511 animi
838 1454 1008 1532 magnitudo

214 1553 336 1621 exsistit,
351 1554 599 1627 humanarumque
612 1570 707 1610 rerum
722 1551 909 1628 contemptio.

169 1648 200 1700 ¹5
254 1649 283 1708 N
286 1669 321 1708 ec
335 1668 403 1707 vero
419 1649 468 1706 illa
480 1667 570 1724 parva
583 1648 626 1705 vis
639 1657 748 1706 naturae
762 1658 806 1705 est
820 1648 1008 1725 rationisque,

150 1780 151 1784 =
214 1746 291 1821 quod
304 1765 393 1802 uuum
404 1746 461 1802 hoe
473 1744 579 1802 animal
590 1744 687 1816 sentit,
698 1744 766 1824 quid
778 1745 815 1802 sit
825 1745 915 1815 ordo;
937 1745 1008 1821 quid

214 1842 262 1915 sit,
276 1842 353 1918 qu'od
369 1843 490 1911 deceat3
512 1841 542 1899 in
556 1840 642 1899 sactis
661 1840 805 1916 dictisque
824 1842 874 1918 qui
894 1843 1005 1901 modus.

214 1936 317 2014 ltaque
330 1957 431 1995 eorum
446 1938 586 2015 ipsorum,
602 1956 666 2014 quae
681 1937 818 2014 adspectu
833 1939 1007 2012 sentiuntur,

213 2036 325 2095 nullum
355 2035 432 2095 aliud
460 2035 566 2097 auiinal
593 2035 852 2111 pulchritudinem,
876 2046 1009 2095 venusta·

167 2142 200 2194 αἱ
214 2144 283 2205 tem,
298 2132 531 2199 convenientiam
544 2133 670 2208 partium
680 2133 785 2190 sentit:
807 2150 893 2208 quam
907 2133 1009 2191 simili·

213 2230 344 2289 tudinem
373 2240 475 2287 natura
496 2229 627 2304 ratioque
649 2230 686 2288 ab
706 2229 800 2286 oculis
821 2229 857 2286 ad
879 2229 1007 2289 animum

214 2326 399 2398 transferens,
417 2326 507 2385 multo
527 2326 616 2385 etiam
638 2326 731 2403 magis
750 2326 1008 2401 pulchritudinem,

214 2423 418 2494 constantiam,
433 2422 566 2480 ordinem
581 2421 610 2479 in
625 2422 756 2480 consiliis
778 2421 920 2497 factisque
938 2440 1008 2479 con-

213 2519 385 2577 servandum
409 2529 508 2595 putat:
536 2530 691 2594 caretque,
711 2537 749 2575 ue
771 2517 841 2593 quid
869 2518 1008 2577 indecoro

166 2623 200 2675 ὅ
213 2615 413 2675 effeminateve
428 2615 533 2673 faciat:
554 2625 628 2686 torn,
643 2614 673 2671 in
691 2615 827 2672 omnibus
847 2625 876 2671 et
897 2613 1009 2689 opinio-

214 2711 301 2770 nibus
314 2723 343 2768 et
358 2711 452 2782 sactis,
467 2730 504 2768 ne
524 2711 595 2785 quid
616 2710 772 2769 libidinose
791 2721 840 2768 aut
855 2710 943 2767 faciat
957 2721 1008 2769 aut

214 2807 332 2885 cogitet.
372 2806 492 2868 Quibus
511 2825 548 2863 ex
568 2807 818 2883 rebusconflatur
835 2816 864 2863 et
882 2805 1007 2864 efficitur

214 2902 255 2977 id,
270 2903 348 2979 quod
376 2903 542 2978 querimus,
563 2902 736 2976 honestum
766 2902 852 2980 quod,
872 2903 1007 2961 etiamsi
