2200 3492
162 173 224 245 9502
498 193 542 241 nn
564 193 709 241 ormcus.
908 189 1005 252 [uua
1082 207 1083 240 r

208 343 310 403 sihoec
323 364 382 402 uon
396 360 492 422 perse
511 353 692 421 expetantur,
706 343 758 401 scd
773 343 808 401 ad
824 342 1001 418 voluptatem

209 442 397 500 utilitatemve
410 442 580 500 referantur.
628 469 634 490 ι

248 634 394 693 XXXIV.
417 634 609 693 Conferamus
630 634 717 711 igitur
738 634 768 691 in
788 652 899 710 pauca:
921 651 1002 706 nam,

209 743 241 789 ut
255 732 409 790 utilitatem
428 732 537 789 nullam
558 750 622 789 esse
642 731 804 802 docuimus,
819 749 883 805 qure
897 730 996 788 hones

178 839 195 887 5
210 827 261 886 tati
275 836 351 885 esset
364 827 509 886 contraria
517 847 525 899 ;
546 827 590 884 sic
610 845 727 898 omnem
740 826 915 902 voluptatem
929 824 1009 883 dier·

209 944 274 984 mus
293 925 436 982 honestati
456 943 519 982 esse
540 923 723 984 contrariam.
766 922 837 994 Quo
851 921 946 999 magis
959 941 1003 981 re·

209 1004 428 1099 prehendendos
442 1019 641 1097 Calliphonem
656 1030 685 1077 et
699 1019 914 1077 Dinomachum
926 1018 1004 1095 judi·

210 1137 256 1191 co,
268 1118 317 1193 qui
331 1136 362 1174 se
377 1117 567 1193 dirempturos
579 1115 802 1173 controversiam
817 1126 1003 1191 putaverunt,

209 1213 312 1274 sicum
327 1212 477 1271 honestate
489 1213 673 1288 voluptatem,
684 1221 820 1287 tanquam
832 1230 900 1268 cum
912 1210 1005 1269 homi·

164 1324 196 1375 ιο
209 1330 247 1368 ne
266 1309 418 1386 pecudem,
440 1309 660 1385 copulavissent.
701 1308 769 1367 Non
789 1306 893 1384 recipit
916 1307 1004 1365 istam

152 1468 154 1470 ,
210 1406 445 1484 conjunctionem
458 1405 624 1476 „honestam
654 1405 849 1480 adoperiretur,
877 1404 1002 1479 repellit.
1077 1386 1079 1392 ⁴

209 1503 277 1562 Nec
296 1522 364 1562 vero
384 1502 449 1561 finis
469 1503 609 1560 bonorum
626 1500 668 1579 [et
687 1500 854 1581 malorum],
869 1500 919 1575 qui
935 1499 1005 1558 sirn-

209 1600 275 1677 pler
293 1619 357 1658 esse
377 1597 472 1667 debet,
487 1616 524 1656 ex
536 1596 724 1654 dissimilibus
742 1596 828 1654 rebus
841 1596 961 1653 misceri
976 1608 1006 1654 et

205 1696 363 1773 temperari
383 1705 486 1771 potest.
527 1695 585 1751 Sed
600 1694 636 1751 de
656 1691 713 1754 hoc
729 1692 849 1770 (magna
862 1693 941 1750 enirn
957 1711 1005 1751 res

166 1798 197 1848 15
210 1779 267 1872 est)¹
290 1791 346 1849 alio
366 1790 432 1849 loco
451 1789 590 1865 pluribus.
644 1785 734 1845 Nunc
755 1787 791 1845 ad
811 1788 1002 1865 propositum.

209 1886 465 1950 Quemadmodum
479 1886 576 1963 igitur,
592 1885 616 1943 si
630 1885 744 1961 qnando
758 1904 802 1958 ea,
814 1904 877 1960 quae
891 1884 1005 1942 videre·

210 1995 256 2042 tur
275 1983 394 2055 utilitas,
408 1980 554 2039 honestati
574 1973 725 2059 repugnat,
745 1979 935 2057 dijudicanda
956 2000 1005 2039 res
1080 1971 1081 1980 ἶ

210 2081 257 2152 sit,
272 2079 341 2138 satis
361 2088 405 2136 est
424 2098 511 2155 supra
530 2078 714 2156 disputatum.
757 2077 810 2135 Sin
830 2087 925 2136 autern
935 2071 1006 2155 spe·

211 2178 287 2236 ciem
313 2175 444 2234 utilitatis
471 2175 557 2234 etiam
584 2174 714 2252 voluptas
736 2173 848 2231 habere
878 2174 1005 2246 dicetur,

165 2281 197 2331 20
211 2271 291 2332 nulla
309 2282 404 2349 potest
424 2292 488 2330 csse
508 2271 535 2329 ei
557 2290 623 2329 cum
636 2269 793 2329 'honestate
816 2271 1005 2348 conjunctio:

211 2390 288 2443 narn,
303 2379 336 2427 ut
349 2370 508 2427 tribuamus
529 2365 641 2442 aliquid
654 2355 804 2443 =voluptati,
822 2367 1005 2424 condimenti

212 2467 332 2526 fortasse
352 2463 495 2536 nonnihil,
516 2463 649 2522 utilitatis
669 2472 748 2520 certe
768 2463 852 2536 nihil,
874 2464 1003 2522 habebit.

238 2562 351 2620 ‘Habes
366 2572 476 2637 epatre
489 2553 605 2631 munus,
620 2558 721 2617 Marce
740 2559 790 2630 fili,
806 2559 871 2617 med
885 2560 1004 2636 quidem

211 2655 364 2728 sententiis,
379 2675 531 2733 magnum:
553 2654 603 2713 sed
623 2655 743 2730 perinde
757 2654 821 2728 erit,
836 2666 869 2713 ut
884 2674 1005 2732 accepe-

165 2758 198 2809 ᾖ
212 2754 267 2813 ris:
288 2771 451 2830 quanquam
470 2753 523 2810 tibi
542 2747 575 2810 hi
594 2762 652 2810 tres
673 2751 750 2824 libri,
770 2751 846 2810 inter
871 2752 1003 2830 Cratippi

212 2847 444 2922 commentarios,
459 2843 595 2924 tanquam
610 2845 747 2925 hospites,
762 2858 847 2908 eruut
860 2848 1003 2926 recipien-
