2200 3492
72 2140 87 2168 0

157 201 196 260 52
498 212 542 259 or.
561 212 706 259 osmcns.
921 211 960 272 [t.
970 212 990 257 1.
1092 268 1093 299 ἶ

202 371 267 419 rent
286 360 394 419 utiliter
413 380 429 419 a
446 361 550 419 natura
564 361 668 418 datam.
708 358 764 417 Illa
776 379 842 417 vero
855 359 991 416 omnibus

203 458 233 516 iu
255 459 341 516 rebus
367 458 545 534 repudianda
570 467 630 527 est;
662 457 885 532 optandumque,
906 465 938 513 ut
958 455 990 526 ii,

204 555 253 629 qui
266 564 392 631 praesunt
406 554 583 629 reipublicae,
597 554 699 631 legum·
713 552 821 610 similes
834 553 901 624 sint,
916 571 991 627 quar,

207 651 242 708 ad
270 651 458 727 puniendum,
486 669 545 708 non
573 648 733 722 iracundia,
761 649 812 706 sed
830 649 991 723 equitate,

175 734 192 801 5
204 747 358 804 ducuntur.
798 748 800 751 ’
942 740 946 744 ’

244 938 358 996 XXVI.
372 972 374 981 ι
388 930 488 1014 Atquex
499 938 586 996 etiam
601 937 631 995 in
645 939 731 995 rebus
744 937 896 1014 prosperis,
911 946 941 994 et
955 937 993 994 ad

204 1036 381 1095 voluntatem
401 1044 526 1095 nostram
547 1034 713 1105 fluentibus,
740 1034 912 1109 superbiam,
938 1033 995 1090 fas

205 1131 318 1202 tidium,
348 1131 606 1208 arrogantiamque,
634 1148 806 1207 magnopere
838 1129 992 1206 fugiamus.

206 1225 293 1298 Nam,
309 1236 340 1283 ut
355 1226 486 1283 adversas
505 1244 561 1298 res,
576 1225 619 1283 sic
639 1226 791 1297 secundas,
807 1225 996 1283 immoderate

165 1335 192 1385 to
207 1323 290 1395 serre,
312 1322 435 1380 levitatis
455 1333 514 1380 ost:
538 1322 731 1397 praeclaraque
751 1332 795 1379 est
815 1321 1008 1399 aequabilitas

206 1418 237 1475 in
257 1419 336 1477 omni
356 1418 424 1491 vitri,
438 1429 467 1475 et
488 1417 564 1476 idem
584 1436 695 1494 semper
716 1418 819 1489 vultus,
834 1417 996 1492 eademque

207 1514 301 1586 frons;
323 1525 355 1571 ut
368 1515 405 1572 de
426 1516 556 1587 Socrate,
571 1514 641 1572 item
659 1514 696 1571 de
717 1513 751 1571 C.
766 1513 865 1585 Laelio,
882 1514 997 1589 accepi-

201 1629 278 1669 mus.
320 1611 485 1687 Philippum
513 1610 640 1686 quidem,
662 1609 856 1668 Macedonum
884 1629 994 1686 regem,

206 1707 291 1764 rebus
305 1708 394 1784 gestis
407 1717 437 1764 et
456 1707 549 1784 gloria
563 1716 726 1783 superatum
741 1705 840 1777 atilio,
855 1705 996 1764 facilitate

164 1815 193 1863 15
207 1812 236 1859 et
257 1801 436 1859 humanitate
451 1803 536 1859 video
556 1802 732 1879 superiorem
753 1802 850 1861 fuisse.
891 1802 997 1878 Itaque

209 1898 279 1955 alter
310 1917 421 1974 semper
447 1898 579 1975 magnus,
604 1898 675 1956 alter
705 1918 780 1975 sape
812 1898 996 1975 turpissimus

207 1994 279 2052 fuit:
301 2004 333 2051 ut
352 2004 431 2052 recte
450 1994 606 2071 praecipere
620 1994 779 2068 rideantur,
793 1995 843 2070 qui
863 2007 995 2069 monent,

208 2100 248 2161 ut,
263 2101 369 2166 quanto
389 2076 552 2166 superiores
572 2091 672 2162 simus,
687 2101 767 2149 tanto
786 2110 840 2148 nos
860 2108 997 2168 geramus

207 2187 385 2245 submissius.
427 2188 571 2246 Panaetius
590 2188 704 2264 quidem
719 2188 900 2260 Africanum,
916 2189 998 2247 audi-

162 2293 193 2343 20
207 2293 297 2343 torem
318 2295 347 2341 et
369 2284 537 2343 familiarem
560 2304 653 2357 suum,
673 2284 796 2355 solitum,
817 2285 866 2355 ait,
885 2285 995 2358 dicere,

207 2390 239 2437 ut
252 2398 351 2456 equos,
360 2391 475 2457 propter
489 2381 605 2438 crebras
616 2381 818 2441 contentiones
827 2381 995 2456 proeliorum

207 2476 355 2534 ferocitate
383 2477 577 2548 exsultantess
592 2477 780 2535 domitoribus
808 2478 921 2534 tradere
949 2496 996 2536 so·

206 2572 294 2644 leant,
307 2583 338 2630 ut
351 2573 396 2630 his
406 2572 584 2630 facilioribus
593 2573 705 2648 possint
719 2573 776 2644 uti;
798 2573 841 2631 sic
852 2574 993 2647 homiues,

207 2669 344 2726 secundis
368 2668 453 2726 rebus
476 2669 640 2740 effrenatos,
665 2670 777 2745 sibique
799 2671 993 2746 praefidentes,

161 2786 194 2836 25
207 2776 344 2840 tauquam
367 2765 397 2821 in
424 2770 526 2842 'gyrum
549 2765 670 2822 rationis
697 2776 726 2824 et
753 2767 893 2835 doctrinm
922 2767 993 2825 duci

208 2870 348 2937 oportere,
360 2870 394 2916 ut
407 2859 603 2936 perspicerent
621 2879 717 2918 rerum
733 2861 922 2921 humanarum
941 2861 981 2920 im

208 2952 403 3026 becillitatem,
418 2956 642 3037 varietatemque
655 2956 784 3017 fortunae.
814 2980 815 2985 ¹
884 2986 886 2993 >
