2200 3492
99 198 196 259 nna]
390 197 434 244 us
456 196 605 247 ormena.
882 184 938 243 177

99 345 257 423 injuriant
298 344 373 403 uun
392 345 508 421 quaem
522 312 610 403 luam
623 364 697 403 vera
711 344 893 404 harenosas

98 461 159 501 non
184 443 314 500 honesta
337 442 478 514 videntur,
503 442 527 499 si
555 442 613 499 sint
639 443 790 500 malitiosis
813 442 893 501 blan·

98 540 180 597 ditiis
201 539 373 611 officiorum,
394 558 453 596 non
474 539 603 610 veritate,
625 539 674 596 sed
697 539 891 612 simulatione,

98 637 236 712 quaesitae.
290 636 390 711 Atqui,
416 636 445 693 in
469 636 575 695 talibus
599 636 693 708 rebus,
719 635 797 693 aliud
820 636 892 694 utile

99 733 257 801 interdum,
280 732 356 790 uliud
377 732 529 790 honestum
554 732 644 796 videri
665 733 747 790 solet.
788 732 924 791 Falso:5

97 848 168 887 narn
182 829 285 887 eadem
300 828 441 899 utilitatis,
456 847 519 903 quae
540 828 708 899 honestatis,
723 840 766 886 est
783 830 890 907 regula.

97 925 163 988 Qui
191 925 249 983 hoc
275 944 334 983 non
360 925 525 1002 perviderit,
555 926 591 982 ab
617 925 674 982 hoc
705 926 785 983 nulla
815 926 893 984 fraus
963 957 966 967 =

99 1021 204 1093 aberit,
232 1020 345 1078 nullum
376 1021 497 1079 facinus.
554 1020 604 1078 Sic
638 1021 714 1077 enim
749 1021 891 1099 cogitans,

99 1118 185 1175 “Est
205 1118 280 1175 istuc
301 1118 417 1193 quidem
442 1117 610 1188 honestum
638 1137 735 1175 verum
763 1119 820 1176 hoc
846 1137 893 1177 ex-

98 1215 210 1291 pedit,”
236 1233 282 1272 res
307 1233 324 1272 a
346 1213 450 1272 naturis
476 1214 625 1290 copulatas
652 1215 769 1273 audebit
795 1234 892 1274 errore
907 1220 938 1271 1⁰

99 1312 254 1382 divellere;
282 1312 331 1387 qui
352 1312 416 1369 fons
436 1321 480 1368 est
500 1311 653 1383 fraudium,
674 1314 891 1386 maleficiorum,

99 1408 245 1466 scelerum
259 1408 397 1465 omnium.

140 1601 227 1659 XIX.
249 1601 360 1677 Itaque,
382 1601 406 1657 si
427 1600 468 1657 vir
489 1601 584 1657 bonus
603 1601 707 1658 habeat
728 1601 803 1658 hanc
823 1601 891 1674 vim,

101 1709 143 1772 ut,
159 1699 182 1756 si
198 1698 296 1775 digitis
316 1696 528 1772 concrepuerit,
542 1696 634 1772 possit
655 1696 683 1755 in
704 1697 891 1774 locupletium

100 1805 274 1854 testamenta
299 1813 406 1852 nomen
438 1793 500 1870 ejus
532 1794 668 1868 irrepere,
696 1794 751 1852 huc
778 1794 805 1851 vi
832 1814 892 1853 non
907 1797 938 1846 15

100 1901 208 1962 utatur,
235 1910 273 1949 ne
303 1891 327 1948 si
359 1890 534 1966 exploratum
569 1890 686 1966 quidem
720 1890 834 1965 habeut,
862 1892 892 1949 id

100 1987 222 2045 omnino
248 1986 393 2044 neminem
421 2004 547 2062 unquam
579 1986 798 2062 suspicaturum.
840 1987 890 2059 At,

101 2085 185 2142 dares
209 2083 286 2140 hanc
309 2083 365 2140 vim
391 2081 433 2139 M.
454 2082 573 2153 Crasso,
596 2093 629 2140 ut
653 2083 806 2159 digitorum
830 2103 892 2160 per·

101 2181 236 2238 cussione
257 2179 347 2237 haeres
367 2190 463 2256 posset
483 2179 608 2255 scriptus
628 2198 701 2250 esse,
716 2180 764 2254 qui
779 2200 810 2237 ra
824 2181 892 2238 reni

100 2294 160 2333 non
182 2285 259 2333 esset
278 2275 385 2346 hoeres3
407 2276 437 2333 in
458 2276 521 2333 foro
540 2274 625 2352 (mihi
647 2277 746 2354 crede)
766 2275 890 2335 saltaret.
906 2282 938 2331 20

102 2372 202 2430 Homo
222 2382 317 2430 autem
335 2372 437 2448 justus,
453 2372 533 2448 isque
547 2390 632 2447 quem
647 2371 786 2428 sentimus
800 2371 891 2429 virum

100 2469 221 2543 bonum,
249 2468 320 2525 nihil
348 2468 492 2543 cuiquam,
516 2467 593 2544 quod
621 2467 650 2524 in
675 2486 706 2523 se
730 2467 891 2539 transferat,

101 2566 242 2624 detrahet.
285 2564 352 2622 Hoc
371 2566 419 2640 qui
439 2565 605 2636 admiratur,
620 2564 645 2621 is
661 2583 701 2634 se,
716 2564 784 2640 quid
799 2565 835 2622 sit
849 2566 892 2623 vir

101 2661 206 2733 bonus,
222 2658 335 2719 nescire
356 2661 487 2718 fateatur.
529 2661 571 2718 At
583 2679 662 2731 vero,
677 2660 701 2717 si
716 2661 780 2736 quis
796 2662 892 2719 volue-

101 2757 139 2815 rit
164 2758 253 2815 animi
277 2757 321 2816 sui
346 2757 547 2833 complicatam
576 2758 723 2815 notionem
750 2759 891 2830 evolvere,
906 2773 939 2822 ᾖ

99 2855 158 2933 jam
180 2874 212 2913 se
232 2854 293 2932 ipse
313 2854 426 2925 doceat,
441 2874 507 2911 eum
521 2855 614 2912 virum
634 2855 742 2912 bonum
756 2874 829 2926 esse,
843 2856 892 2930 qui

101 2953 202 3031 prosit,
217 2952 321 3028 quibus
340 2950 447 3028 possit;
468 2961 573 3008 noceat
592 2952 712 3025 nemini,
728 2951 783 3009 uisi
803 2951 893 3009 laces·
