<?xml version="1.0" encoding="UTF-8"?>
<!DOCTYPE html PUBLIC "-//W3C//DTD XHTML 1.0 Transitional//EN"
    "http://www.w3.org/TR/xhtml1/DTD/xhtml1-transitional.dtd">
<html xmlns="http://www.w3.org/1999/xhtml" xml:lang="en" lang="en">
 <head>
  <title>
</title>
<meta http-equiv="Content-Type" content="text/html;charset=utf-8" />
  <meta name='ocr-system' content='tesseract 3.04.00' />
  <meta name='ocr-capabilities' content='ocr_page ocr_carea ocr_par ocr_line ocrx_word'/>
</head>
<body>
  <div class='ocr_page' id='page_1' title='image "./mtciceronisdeof04cicegoog/mtciceronisdeof04cicegoog_0129.png"; bbox 0 0 2200 3492; ppageno 0'>
   <div class='ocr_carea' id='block_1_1' title="bbox 72 214 927 281">
    <p class='ocr_par' dir='ltr' id='par_1_1' title="bbox 72 214 927 281">
     <span class='ocr_line' id='line_1_1' title="bbox 72 214 927 281; baseline 0.002 -12"><span class='ocrx_word' id='word_1_1' title='bbox 72 214 102 269; x_wconf 70' lang='grc' dir='ltr'><strong>ὓ.</strong></span> <span class='ocrx_word' id='word_1_2' title='bbox 114 217 167 281; x_wconf 69' lang='lat' dir='ltr'><strong>In]</strong></span> <span class='ocrx_word' id='word_1_3' title='bbox 370 221 413 268; x_wconf 74' lang='lat' dir='ltr'><strong>DE</strong></span> <span class='ocrx_word' id='word_1_4' title='bbox 434 222 582 271; x_wconf 72' lang='lat' dir='ltr'><strong>omens</strong></span> <span class='ocrx_word' id='word_1_5' title='bbox 715 221 724 240; x_wconf 73' lang='grc'><em>“</em></span> <span class='ocrx_word' id='word_1_6' title='bbox 873 215 927 279; x_wconf 72' lang='lat' dir='ltr'><strong>llo‘i</strong></span> 
     </span>
    </p>
   </div>
   <div class='ocr_carea' id='block_1_2' title="bbox 69 352 925 2097">
    <p class='ocr_par' dir='ltr' id='par_1_2' title="bbox 69 352 882 526">
     <span class='ocr_line' id='line_1_2' title="bbox 69 352 882 447; baseline 0.001 -18"><span class='ocrx_word' id='word_1_7' title='bbox 69 368 135 441; x_wconf 80' lang='lat' dir='ltr'><strong>les3</strong></span> <span class='ocrx_word' id='word_1_8' title='bbox 159 369 210 427; x_wconf 89' lang='lat' dir='ltr'><strong>sic</strong></span> <span class='ocrx_word' id='word_1_9' title='bbox 236 367 331 446; x_wconf 85' lang='lat' dir='ltr'><strong>gloria</strong></span> <span class='ocrx_word' id='word_1_10' title='bbox 352 352 383 427; x_wconf 79' lang='lat' dir='ltr'><strong>et</strong></span> <span class='ocrx_word' id='word_1_11' title='bbox 405 371 561 447; x_wconf 72' lang='lat' dir='ltr'><strong>querenda</strong></span> <span class='ocrx_word' id='word_1_12' title='bbox 583 382 613 429; x_wconf 88' lang='lat' dir='ltr'><strong>et</strong></span> <span class='ocrx_word' id='word_1_13' title='bbox 637 372 811 433; x_wconf 85' lang='lat' dir='ltr'><strong>collocanda</strong></span> <span class='ocrx_word' id='word_1_14' title='bbox 837 390 882 430; x_wconf 85' lang='lat' dir='ltr'><strong>ra·</strong></span> 
     </span>
     <span class='ocr_line' id='line_1_3' title="bbox 70 466 231 526; baseline -0.006 0"><span class='ocrx_word' id='word_1_15' title='bbox 70 466 159 526; x_wconf 89' lang='lat' dir='ltr'><strong>tione</strong></span> <span class='ocrx_word' id='word_1_16' title='bbox 174 477 231 525; x_wconf 88' lang='lat' dir='ltr'><strong>est.</strong></span> 
     </span>
    </p>

    <p class='ocr_par' dir='ltr' id='par_1_3' title="bbox 71 563 925 2097">
     <span class='ocr_line' id='line_1_4' title="bbox 111 563 878 640; baseline -0.001 -14"><span class='ocrx_word' id='word_1_17' title='bbox 111 563 300 640; x_wconf 78' lang='lat' dir='ltr'><strong>Quanquam</strong></span> <span class='ocrx_word' id='word_1_18' title='bbox 328 565 464 640; x_wconf 75' lang='lat' dir='ltr'><strong>praeclare</strong></span> <span class='ocrx_word' id='word_1_19' title='bbox 491 566 629 625; x_wconf 76' lang='lat' dir='ltr'><strong>Socrates</strong></span> <span class='ocrx_word' id='word_1_20' title='bbox 649 567 726 625; x_wconf 82' lang='lat' dir='ltr'><strong>hanc</strong></span> <span class='ocrx_word' id='word_1_21' title='bbox 746 567 822 625; x_wconf 86' lang='lat' dir='ltr'><strong>viam</strong></span> <span class='ocrx_word' id='word_1_22' title='bbox 843 567 878 625; x_wconf 87' lang='lat' dir='ltr'><strong>ad</strong></span> 
     </span>
     <span class='ocr_line' id='line_1_5' title="bbox 71 660 878 740; baseline 0.005 -21"><span class='ocrx_word' id='word_1_23' title='bbox 71 661 204 738; x_wconf 79' lang='lat' dir='ltr'><strong>gloriam</strong></span> <span class='ocrx_word' id='word_1_24' title='bbox 238 660 407 738; x_wconf 87' lang='lat' dir='ltr'><strong>proximam,</strong></span> <span class='ocrx_word' id='word_1_25' title='bbox 442 673 471 720; x_wconf 88' lang='lat' dir='ltr'><strong>et</strong></span> <span class='ocrx_word' id='word_1_26' title='bbox 505 663 587 738; x_wconf 85' lang='lat' dir='ltr'><strong>quasi</strong></span> <span class='ocrx_word' id='word_1_27' title='bbox 622 664 878 740; x_wconf 85' lang='lat' dir='ltr'><strong>compendiariam,</strong></span> 
     </span>
     <span class='ocr_line' id='line_1_6' title="bbox 72 758 911 837; baseline 0.002 -22"><span class='ocrx_word' id='word_1_28' title='bbox 72 758 200 817; x_wconf 88' lang='lat' dir='ltr'><strong>dicebat</strong></span> <span class='ocrx_word' id='word_1_29' title='bbox 221 777 295 830; x_wconf 82' lang='lat' dir='ltr'><strong>esse,</strong></span> <span class='ocrx_word' id='word_1_30' title='bbox 310 758 334 816; x_wconf 89' lang='lat' dir='ltr'><strong>si</strong></span> <span class='ocrx_word' id='word_1_31' title='bbox 355 759 420 834; x_wconf 85' lang='lat' dir='ltr'><strong>quis</strong></span> <span class='ocrx_word' id='word_1_32' title='bbox 440 759 469 816; x_wconf 91' lang='lat' dir='ltr'><strong>id</strong></span> <span class='ocrx_word' id='word_1_33' title='bbox 487 769 595 837; x_wconf 89' lang='lat' dir='ltr'><strong>ageret,</strong></span> <span class='ocrx_word' id='word_1_34' title='bbox 610 771 651 832; x_wconf 92' lang='lat' dir='ltr'><strong>ut,</strong></span> <span class='ocrx_word' id='word_1_35' title='bbox 666 761 759 837; x_wconf 87' lang='lat' dir='ltr'><strong>qualis</strong></span> <span class='ocrx_word' id='word_1_36' title='bbox 779 760 911 818; x_wconf 84' lang='lat' dir='ltr'><strong>haberi5</strong></span> 
     </span>
     <span class='ocr_line' id='line_1_7' title="bbox 72 855 879 933; baseline 0.004 -21"><span class='ocrx_word' id='word_1_37' title='bbox 72 855 177 928; x_wconf 84' lang='lat' dir='ltr'><strong>vellet,</strong></span> <span class='ocrx_word' id='word_1_38' title='bbox 199 855 267 913; x_wconf 91' lang='lat' dir='ltr'><strong>talis</strong></span> <span class='ocrx_word' id='word_1_39' title='bbox 286 866 371 914; x_wconf 83' lang='lat' dir='ltr'><strong>esset.</strong></span> <span class='ocrx_word' id='word_1_40' title='bbox 412 856 503 919; x_wconf 82' lang='lat' dir='ltr'><strong>Quod</strong></span> <span class='ocrx_word' id='word_1_41' title='bbox 524 857 550 915; x_wconf 89' lang='lat' dir='ltr'><strong>si</strong></span> <span class='ocrx_word' id='word_1_42' title='bbox 570 858 620 933; x_wconf 92' lang='lat' dir='ltr'><strong>qui</strong></span> <span class='ocrx_word' id='word_1_43' title='bbox 640 858 835 930; x_wconf 83' lang='lat' dir='ltr'><strong>simulatione,</strong></span> <span class='ocrx_word' id='word_1_44' title='bbox 849 866 879 915; x_wconf 87' lang='lat' dir='ltr'><strong>et</strong></span> 
     </span>
     <span class='ocr_line' id='line_1_8' title="bbox 72 952 879 1026; baseline 0 -15"><span class='ocrx_word' id='word_1_45' title='bbox 72 952 161 1011; x_wconf 88' lang='lat' dir='ltr'><strong>inani</strong></span> <span class='ocrx_word' id='word_1_46' title='bbox 182 953 387 1025; x_wconf 78' lang='lat' dir='ltr'><strong>ostentatione,</strong></span> <span class='ocrx_word' id='word_1_47' title='bbox 409 964 439 1011; x_wconf 90' lang='lat' dir='ltr'><strong>et</strong></span> <span class='ocrx_word' id='word_1_48' title='bbox 457 954 526 1012; x_wconf 90' lang='lat' dir='ltr'><strong>ficto</strong></span> <span class='ocrx_word' id='word_1_49' title='bbox 546 973 606 1013; x_wconf 91' lang='lat' dir='ltr'><strong>non</strong></span> <span class='ocrx_word' id='word_1_50' title='bbox 627 956 711 1014; x_wconf 88' lang='lat' dir='ltr'><strong>modo</strong></span> <span class='ocrx_word' id='word_1_51' title='bbox 735 974 879 1026; x_wconf 83' lang='lat' dir='ltr'><strong>sermone,</strong></span> 
     </span>
     <span class='ocr_line' id='line_1_9' title="bbox 73 1049 879 1129; baseline 0.001 -21"><span class='ocrx_word' id='word_1_52' title='bbox 73 1050 128 1108; x_wconf 74' lang='lat' dir='ltr'><strong>md</strong></span> <span class='ocrx_word' id='word_1_53' title='bbox 153 1049 243 1107; x_wconf 88' lang='lat' dir='ltr'><strong>etiam</strong></span> <span class='ocrx_word' id='word_1_54' title='bbox 265 1050 355 1121; x_wconf 89' lang='lat' dir='ltr'><strong>vultu,</strong></span> <span class='ocrx_word' id='word_1_55' title='bbox 376 1051 507 1108; x_wconf 87' lang='lat' dir='ltr'><strong>stabilem</strong></span> <span class='ocrx_word' id='word_1_56' title='bbox 529 1070 560 1108; x_wconf 86' lang='lat' dir='ltr'><strong>sa</strong></span> <span class='ocrx_word' id='word_1_57' title='bbox 587 1051 710 1129; x_wconf 84' lang='lat' dir='ltr'><strong>gloriam</strong></span> <span class='ocrx_word' id='word_1_58' title='bbox 737 1052 879 1127; x_wconf 79' lang='lat' dir='ltr'><strong>consequi</strong></span> 
     </span>
     <span class='ocr_line' id='line_1_10' title="bbox 72 1148 880 1226; baseline 0.007 -23"><span class='ocrx_word' id='word_1_59' title='bbox 72 1166 165 1225; x_wconf 85' lang='lat' dir='ltr'><strong>posse</strong></span> <span class='ocrx_word' id='word_1_60' title='bbox 189 1156 300 1219; x_wconf 86' lang='lat' dir='ltr'><strong>rentur,</strong></span> <span class='ocrx_word' id='word_1_61' title='bbox 323 1148 507 1205; x_wconf 88' lang='lat' dir='ltr'><strong>vehementer</strong></span> <span class='ocrx_word' id='word_1_62' title='bbox 533 1158 639 1207; x_wconf 89' lang='lat' dir='ltr'><strong>errant.</strong></span> <span class='ocrx_word' id='word_1_63' title='bbox 680 1150 760 1207; x_wconf 89' lang='lat' dir='ltr'><strong>Vera</strong></span> <span class='ocrx_word' id='word_1_64' title='bbox 785 1148 880 1226; x_wconf 80' lang='lat' dir='ltr'><strong>gloria</strong></span> 
     </span>
     <span class='ocr_line' id='line_1_11' title="bbox 74 1244 924 1323; baseline 0.002 -20"><span class='ocrx_word' id='word_1_65' title='bbox 74 1244 197 1303; x_wconf 87' lang='lat' dir='ltr'><strong>radices</strong></span> <span class='ocrx_word' id='word_1_66' title='bbox 232 1244 302 1320; x_wconf 81' lang='lat' dir='ltr'><strong>agit,</strong></span> <span class='ocrx_word' id='word_1_67' title='bbox 338 1254 422 1320; x_wconf 90' lang='lat' dir='ltr'><strong>atque</strong></span> <span class='ocrx_word' id='word_1_68' title='bbox 455 1245 542 1303; x_wconf 88' lang='lat' dir='ltr'><strong>etiam</strong></span> <span class='ocrx_word' id='word_1_69' title='bbox 580 1260 772 1323; x_wconf 84' lang='lat' dir='ltr'><strong>propagatur:</strong></span> <span class='ocrx_word' id='word_1_70' title='bbox 811 1246 879 1305; x_wconf 86' lang='lat' dir='ltr'><strong>licta</strong></span> <span class='ocrx_word' id='word_1_71' title='bbox 894 1251 924 1305; x_wconf 80' lang='grc'><strong>10</strong></span> 
     </span>
     <span class='ocr_line' id='line_1_12' title="bbox 74 1340 879 1418; baseline 0 -17"><span class='ocrx_word' id='word_1_72' title='bbox 74 1340 179 1401; x_wconf 87' lang='lat' dir='ltr'><strong>omnia</strong></span> <span class='ocrx_word' id='word_1_73' title='bbox 193 1340 337 1413; x_wconf 84' lang='lat' dir='ltr'><strong>celeriter,</strong></span> <span class='ocrx_word' id='word_1_74' title='bbox 353 1355 488 1418; x_wconf 87' lang='lat' dir='ltr'><strong>tanquam</strong></span> <span class='ocrx_word' id='word_1_75' title='bbox 507 1342 630 1414; x_wconf 88' lang='lat' dir='ltr'><strong>flosculi,</strong></span> <span class='ocrx_word' id='word_1_76' title='bbox 645 1343 801 1413; x_wconf 82' lang='lat' dir='ltr'><strong>decidunt3</strong></span> <span class='ocrx_word' id='word_1_77' title='bbox 822 1362 879 1401; x_wconf 87' lang='lat' dir='ltr'><strong>nec</strong></span> 
     </span>
     <span class='ocr_line' id='line_1_13' title="bbox 75 1437 877 1515; baseline 0.001 -19"><span class='ocrx_word' id='word_1_78' title='bbox 75 1437 249 1496; x_wconf 89' lang='lat' dir='ltr'><strong>simulatum</strong></span> <span class='ocrx_word' id='word_1_79' title='bbox 284 1448 380 1514; x_wconf 91' lang='lat' dir='ltr'><strong>potest</strong></span> <span class='ocrx_word' id='word_1_80' title='bbox 412 1438 568 1515; x_wconf 85' lang='lat' dir='ltr'><strong>quidquam</strong></span> <span class='ocrx_word' id='word_1_81' title='bbox 603 1459 666 1498; x_wconf 86' lang='lat' dir='ltr'><strong>esse</strong></span> <span class='ocrx_word' id='word_1_82' title='bbox 700 1440 877 1497; x_wconf 90' lang='lat' dir='ltr'><strong>diuturnum.</strong></span> 
     </span>
     <span class='ocr_line' id='line_1_14' title="bbox 75 1534 877 1612; baseline -0.005 -17"><span class='ocrx_word' id='word_1_83' title='bbox 75 1534 189 1595; x_wconf 84' lang='lat' dir='ltr'><strong>Testes</strong></span> <span class='ocrx_word' id='word_1_84' title='bbox 209 1546 278 1593; x_wconf 88' lang='lat' dir='ltr'><strong>suut</strong></span> <span class='ocrx_word' id='word_1_85' title='bbox 297 1535 433 1612; x_wconf 81' lang='lat' dir='ltr'><strong>permulti</strong></span> <span class='ocrx_word' id='word_1_86' title='bbox 454 1536 484 1593; x_wconf 89' lang='lat' dir='ltr'><strong>in</strong></span> <span class='ocrx_word' id='word_1_87' title='bbox 502 1546 794 1612; x_wconf 87' lang='lat' dir='ltr'><strong>utramquepartem:</strong></span> <span class='ocrx_word' id='word_1_88' title='bbox 816 1535 877 1607; x_wconf 88' lang='lat' dir='ltr'><strong>sed,</strong></span> 
     </span>
     <span class='ocr_line' id='line_1_15' title="bbox 77 1632 877 1704; baseline 0 -14"><span class='ocrx_word' id='word_1_89' title='bbox 77 1632 231 1691; x_wconf 79' lang='lat' dir='ltr'><strong>brevitatis</strong></span> <span class='ocrx_word' id='word_1_90' title='bbox 258 1633 357 1704; x_wconf 73' lang='lat' dir='ltr'><strong>causi,</strong></span> <span class='ocrx_word' id='word_1_91' title='bbox 379 1633 488 1691; x_wconf 68' lang='lat' dir='ltr'><strong>familie</strong></span> <span class='ocrx_word' id='word_1_92' title='bbox 516 1632 624 1690; x_wconf 86' lang='lat' dir='ltr'><strong>erimus</strong></span> <span class='ocrx_word' id='word_1_93' title='bbox 651 1633 783 1695; x_wconf 86' lang='lat' dir='ltr'><strong>contenti</strong></span> <span class='ocrx_word' id='word_1_94' title='bbox 810 1632 877 1690; x_wconf 60' lang='lat' dir='ltr'><strong>una</strong></span> 
     </span>
     <span class='ocr_line' id='line_1_16' title="bbox 77 1729 925 1802; baseline -0.001 -14"><span class='ocrx_word' id='word_1_95' title='bbox 77 1729 129 1788; x_wconf 84' lang='lat' dir='ltr'><strong>Ti.</strong></span> <span class='ocrx_word' id='word_1_96' title='bbox 144 1730 225 1789; x_wconf 88' lang='lat' dir='ltr'><strong>enim</strong></span> <span class='ocrx_word' id='word_1_97' title='bbox 246 1730 408 1802; x_wconf 76' lang='lat' dir='ltr'><strong>Gracchus,</strong></span> <span class='ocrx_word' id='word_1_98' title='bbox 423 1730 455 1788; x_wconf 91' lang='lat' dir='ltr'><strong>P.</strong></span> <span class='ocrx_word' id='word_1_99' title='bbox 470 1730 556 1801; x_wconf 87' lang='lat' dir='ltr'><strong>filius,</strong></span> <span class='ocrx_word' id='word_1_100' title='bbox 571 1730 681 1787; x_wconf 90' lang='lat' dir='ltr'><strong>tamdiu</strong></span> <span class='ocrx_word' id='word_1_101' title='bbox 702 1729 877 1801; x_wconf 83' lang='lat' dir='ltr'><strong>laudabitur,</strong></span> <span class='ocrx_word' id='word_1_102' title='bbox 893 1739 925 1788; x_wconf 75' lang='lat'><strong>15</strong></span> 
     </span>
     <span class='ocr_line' id='line_1_17' title="bbox 78 1827 878 1889; baseline -0.001 -4"><span class='ocrx_word' id='word_1_103' title='bbox 78 1827 149 1885; x_wconf 89' lang='lat' dir='ltr'><strong>dum</strong></span> <span class='ocrx_word' id='word_1_104' title='bbox 169 1827 313 1885; x_wconf 88' lang='lat' dir='ltr'><strong>memoria</strong></span> <span class='ocrx_word' id='word_1_105' title='bbox 333 1846 427 1885; x_wconf 83' lang='lat' dir='ltr'><strong>rerum</strong></span> <span class='ocrx_word' id='word_1_106' title='bbox 449 1827 651 1885; x_wconf 83' lang='lat' dir='ltr'><strong>Romanarum</strong></span> <span class='ocrx_word' id='word_1_107' title='bbox 676 1827 820 1887; x_wconf 88' lang='lat' dir='ltr'><strong>manebit:</strong></span> <span class='ocrx_word' id='word_1_108' title='bbox 848 1836 878 1889; x_wconf 78' lang='lat' dir='ltr'><strong>at</strong></span> 
     </span>
     <span class='ocr_line' id='line_1_18' title="bbox 79 1922 877 2000; baseline 0.001 -20"><span class='ocrx_word' id='word_1_109' title='bbox 79 1923 141 2000; x_wconf 81' lang='lat' dir='ltr'><strong>ejus</strong></span> <span class='ocrx_word' id='word_1_110' title='bbox 161 1924 216 1982; x_wconf 91' lang='lat' dir='ltr'><strong>filii</strong></span> <span class='ocrx_word' id='word_1_111' title='bbox 237 1943 293 1981; x_wconf 89' lang='lat' dir='ltr'><strong>nec</strong></span> <span class='ocrx_word' id='word_1_112' title='bbox 314 1922 370 1981; x_wconf 85' lang='lat' dir='ltr'><strong>vivi</strong></span> <span class='ocrx_word' id='word_1_113' title='bbox 390 1924 585 1999; x_wconf 81' lang='lat' dir='ltr'><strong>probabantur</strong></span> <span class='ocrx_word' id='word_1_114' title='bbox 607 1923 701 1994; x_wconf 89' lang='lat' dir='ltr'><strong>bouis,</strong></span> <span class='ocrx_word' id='word_1_115' title='bbox 721 1933 750 1980; x_wconf 91' lang='lat' dir='ltr'><strong>et</strong></span> <span class='ocrx_word' id='word_1_116' title='bbox 770 1923 877 1981; x_wconf 90' lang='lat' dir='ltr'><strong>mortui</strong></span> 
     </span>
     <span class='ocr_line' id='line_1_19' title="bbox 79 2020 621 2097; baseline 0 -19"><span class='ocrx_word' id='word_1_117' title='bbox 79 2039 234 2079; x_wconf 86' lang='lat' dir='ltr'><strong>numerum</strong></span> <span class='ocrx_word' id='word_1_118' title='bbox 248 2020 381 2079; x_wconf 86' lang='lat' dir='ltr'><strong>obtinent</strong></span> <span class='ocrx_word' id='word_1_119' title='bbox 391 2020 456 2097; x_wconf 89' lang='lat' dir='ltr'><strong>jure</strong></span> <span class='ocrx_word' id='word_1_120' title='bbox 470 2039 621 2079; x_wconf 75' lang='lat' dir='ltr'><strong>caesorum.</strong></span> 
     </span>
    </p>
   </div>
   <div class='ocr_carea' id='block_1_3' title="bbox 18 2212 923 3146">
    <p class='ocr_par' dir='ltr' id='par_1_4' title="bbox 18 2212 923 2485">
     <span class='ocr_line' id='line_1_20' title="bbox 18 2212 876 2292; baseline -0.003 -18"><span class='ocrx_word' id='word_1_121' title='bbox 18 2274 20 2287; x_wconf 63' lang='lat'><strong>,</strong></span> <span class='ocrx_word' id='word_1_122' title='bbox 117 2214 207 2274; x_wconf 87' lang='lat' dir='ltr'><strong>XIII.</strong></span> <span class='ocrx_word' id='word_1_123' title='bbox 228 2212 294 2276; x_wconf 79' lang='lat' dir='ltr'><strong>Qui</strong></span> <span class='ocrx_word' id='word_1_124' title='bbox 309 2213 396 2291; x_wconf 81' lang='lat' dir='ltr'><strong>igitur</strong></span> <span class='ocrx_word' id='word_1_125' title='bbox 412 2215 533 2292; x_wconf 86' lang='lat' dir='ltr'><strong>adipisci</strong></span> <span class='ocrx_word' id='word_1_126' title='bbox 543 2230 640 2273; x_wconf 86' lang='lat' dir='ltr'><strong>veram</strong></span> <span class='ocrx_word' id='word_1_127' title='bbox 655 2215 777 2292; x_wconf 84' lang='lat' dir='ltr'><strong>gloriam</strong></span> <span class='ocrx_word' id='word_1_128' title='bbox 793 2215 876 2287; x_wconf 85' lang='lat' dir='ltr'><strong>volet,</strong></span> 
     </span>
     <span class='ocr_line' id='line_1_21' title="bbox 78 2310 923 2388; baseline -0.002 -19"><span class='ocrx_word' id='word_1_129' title='bbox 78 2310 195 2387; x_wconf 71' lang='lat' dir='ltr'><strong>justitia</strong></span> <span class='ocrx_word' id='word_1_130' title='bbox 210 2312 348 2388; x_wconf 79' lang='lat' dir='ltr'><strong>fungatur</strong></span> <span class='ocrx_word' id='word_1_131' title='bbox 358 2311 471 2369; x_wconf 85' lang='lat' dir='ltr'><strong>officiis.</strong></span> <span class='ocrx_word' id='word_1_132' title='bbox 512 2312 559 2370; x_wconf 89' lang='lat' dir='ltr'><strong>Ea</strong></span> <span class='ocrx_word' id='word_1_133' title='bbox 571 2332 635 2387; x_wconf 78' lang='lat' dir='ltr'><strong>quae</strong></span> <span class='ocrx_word' id='word_1_134' title='bbox 649 2322 755 2383; x_wconf 90' lang='lat' dir='ltr'><strong>essent,</strong></span> <span class='ocrx_word' id='word_1_135' title='bbox 767 2310 877 2368; x_wconf 89' lang='lat' dir='ltr'><strong>dictum</strong></span> <span class='ocrx_word' id='word_1_136' title='bbox 891 2318 923 2368; x_wconf 62' lang='grc' dir='ltr'>ω</span> 
     </span>
     <span class='ocr_line' id='line_1_22' title="bbox 81 2408 385 2485; baseline -0.003 -18"><span class='ocrx_word' id='word_1_137' title='bbox 81 2418 121 2467; x_wconf 82' lang='lat' dir='ltr'><strong>est</strong></span> <span class='ocrx_word' id='word_1_138' title='bbox 133 2409 213 2467; x_wconf 81' lang='lat' dir='ltr'><strong>libro</strong></span> <span class='ocrx_word' id='word_1_139' title='bbox 228 2408 385 2485; x_wconf 86' lang='lat' dir='ltr'><strong>superiore.</strong></span> 
     </span>
    </p>

    <p class='ocr_par' dir='ltr' id='par_1_5' title="bbox 81 2504 922 3070">
     <span class='ocr_line' id='line_1_23' title="bbox 116 2504 877 2581; baseline -0.003 -17"><span class='ocrx_word' id='word_1_140' title='bbox 116 2506 190 2580; x_wconf 83' lang='lat' dir='ltr'><strong>Sed,</strong></span> <span class='ocrx_word' id='word_1_141' title='bbox 218 2517 252 2571; x_wconf 87' lang='lat' dir='ltr'><strong>ut</strong></span> <span class='ocrx_word' id='word_1_142' title='bbox 279 2505 426 2577; x_wconf 85' lang='lat' dir='ltr'><strong>facillime,</strong></span> <span class='ocrx_word' id='word_1_143' title='bbox 454 2506 554 2581; x_wconf 87' lang='lat' dir='ltr'><strong>quales</strong></span> <span class='ocrx_word' id='word_1_144' title='bbox 586 2505 687 2575; x_wconf 90' lang='lat' dir='ltr'><strong>simus,</strong></span> <span class='ocrx_word' id='word_1_145' title='bbox 715 2504 787 2561; x_wconf 90' lang='lat' dir='ltr'><strong>tales</strong></span> <span class='ocrx_word' id='word_1_146' title='bbox 813 2523 877 2562; x_wconf 87' lang='lat' dir='ltr'><strong>esse</strong></span> 
     </span>
     <span class='ocr_line' id='line_1_24' title="bbox 81 2601 877 2679; baseline 0 -18"><span class='ocrx_word' id='word_1_147' title='bbox 81 2602 239 2674; x_wconf 79' lang='lat' dir='ltr'><strong>videamur,</strong></span> <span class='ocrx_word' id='word_1_148' title='bbox 261 2602 324 2660; x_wconf 58' lang='lat' dir='ltr'><strong>etsi&gt;</strong></span> <span class='ocrx_word' id='word_1_149' title='bbox 344 2601 373 2659; x_wconf 90' lang='lat' dir='ltr'><strong>in</strong></span> <span class='ocrx_word' id='word_1_150' title='bbox 401 2621 437 2677; x_wconf 85' lang='lat' dir='ltr'><strong>eo</strong></span> <span class='ocrx_word' id='word_1_151' title='bbox 465 2603 528 2679; x_wconf 89' lang='lat' dir='ltr'><strong>ipso</strong></span> <span class='ocrx_word' id='word_1_152' title='bbox 553 2602 595 2659; x_wconf 89' lang='lat' dir='ltr'><strong>vis</strong></span> <span class='ocrx_word' id='word_1_153' title='bbox 622 2601 747 2659; x_wconf 85' lang='lat' dir='ltr'><strong>maxima</strong></span> <span class='ocrx_word' id='word_1_154' title='bbox 770 2611 823 2674; x_wconf 90' lang='lat' dir='ltr'><strong>est,</strong></span> <span class='ocrx_word' id='word_1_155' title='bbox 845 2612 877 2661; x_wconf 93' lang='lat' dir='ltr'><strong>ut</strong></span> 
     </span>
     <span class='ocr_line' id='line_1_25' title="bbox 81 2698 877 2775; baseline -0.004 -16"><span class='ocrx_word' id='word_1_156' title='bbox 81 2698 169 2759; x_wconf 69' lang='lat' dir='ltr'><strong>umus</strong></span> <span class='ocrx_word' id='word_1_157' title='bbox 196 2700 218 2758; x_wconf 88' lang='lat' dir='ltr'><strong>ii</strong></span> <span class='ocrx_word' id='word_1_158' title='bbox 246 2699 297 2774; x_wconf 90' lang='lat' dir='ltr'><strong>qui</strong></span> <span class='ocrx_word' id='word_1_159' title='bbox 328 2699 428 2756; x_wconf 86' lang='lat' dir='ltr'><strong>haberi</strong></span> <span class='ocrx_word' id='word_1_160' title='bbox 455 2700 587 2771; x_wconf 87' lang='lat' dir='ltr'><strong>velimus,</strong></span> <span class='ocrx_word' id='word_1_161' title='bbox 615 2708 711 2775; x_wconf 88' lang='lat' dir='ltr'><strong>tamen</strong></span> <span class='ocrx_word' id='word_1_162' title='bbox 745 2700 877 2775; x_wconf 72' lang='lat' dir='ltr'><strong>quaedam</strong></span> 
     </span>
     <span class='ocr_line' id='line_1_26' title="bbox 82 2794 922 2873; baseline -0.001 -19"><span class='ocrx_word' id='word_1_163' title='bbox 82 2805 226 2873; x_wconf 75' lang='lat' dir='ltr'><strong>precepta</strong></span> <span class='ocrx_word' id='word_1_164' title='bbox 244 2794 343 2854; x_wconf 90' lang='lat' dir='ltr'><strong>danda</strong></span> <span class='ocrx_word' id='word_1_165' title='bbox 362 2806 438 2853; x_wconf 87' lang='lat' dir='ltr'><strong>sunt.</strong></span> <span class='ocrx_word' id='word_1_166' title='bbox 478 2795 568 2867; x_wconf 91' lang='lat' dir='ltr'><strong>Nam,</strong></span> <span class='ocrx_word' id='word_1_167' title='bbox 583 2796 607 2853; x_wconf 89' lang='lat' dir='ltr'><strong>si</strong></span> <span class='ocrx_word' id='word_1_168' title='bbox 622 2796 686 2871; x_wconf 91' lang='lat' dir='ltr'><strong>quis</strong></span> <span class='ocrx_word' id='word_1_169' title='bbox 707 2797 743 2854; x_wconf 92' lang='lat' dir='ltr'><strong>ab</strong></span> <span class='ocrx_word' id='word_1_170' title='bbox 757 2797 876 2855; x_wconf 86' lang='lat' dir='ltr'><strong>ineunte</strong></span> <span class='ocrx_word' id='word_1_171' title='bbox 890 2796 922 2846; x_wconf 76' lang='lat'><strong>2⁵</strong></span> 
     </span>
     <span class='ocr_line' id='line_1_27' title="bbox 83 2893 876 2962; baseline -0.005 -9"><span class='ocrx_word' id='word_1_172' title='bbox 83 2904 163 2953; x_wconf 80' lang='lat' dir='ltr'><strong>etate</strong></span> <span class='ocrx_word' id='word_1_173' title='bbox 182 2894 272 2959; x_wconf 87' lang='lat' dir='ltr'><strong>habet</strong></span> <span class='ocrx_word' id='word_1_174' title='bbox 293 2912 411 2951; x_wconf 88' lang='lat' dir='ltr'><strong>causam</strong></span> <span class='ocrx_word' id='word_1_175' title='bbox 432 2893 609 2951; x_wconf 88' lang='lat' dir='ltr'><strong>celebritatis</strong></span> <span class='ocrx_word' id='word_1_176' title='bbox 629 2903 658 2951; x_wconf 90' lang='lat' dir='ltr'><strong>et</strong></span> <span class='ocrx_word' id='word_1_177' title='bbox 676 2893 811 2962; x_wconf 87' lang='lat' dir='ltr'><strong>nominis,</strong></span> <span class='ocrx_word' id='word_1_178' title='bbox 828 2902 876 2949; x_wconf 89' lang='lat' dir='ltr'><strong>aut</strong></span> 
     </span>
     <span class='ocr_line' id='line_1_28' title="bbox 84 2988 875 3070; baseline -0.009 -19"><span class='ocrx_word' id='word_1_179' title='bbox 84 3002 192 3070; x_wconf 84' lang='lat' dir='ltr'><strong>tpatre</strong></span> <span class='ocrx_word' id='word_1_180' title='bbox 206 2999 358 3067; x_wconf 87' lang='lat' dir='ltr'><strong>acceptam</strong></span> <span class='ocrx_word' id='word_1_181' title='bbox 374 2990 465 3069; x_wconf 92' lang='lat' dir='ltr'><strong>(quod</strong></span> <span class='ocrx_word' id='word_1_182' title='bbox 485 2989 548 3062; x_wconf 91' lang='lat' dir='ltr'><strong>tibi,</strong></span> <span class='ocrx_word' id='word_1_183' title='bbox 564 2989 604 3047; x_wconf 87' lang='lat' dir='ltr'><strong>mi</strong></span> <span class='ocrx_word' id='word_1_184' title='bbox 621 2989 737 3061; x_wconf 87' lang='lat' dir='ltr'><strong>Cicero,</strong></span> <span class='ocrx_word' id='word_1_185' title='bbox 753 2988 875 3046; x_wconf 83' lang='lat' dir='ltr'><strong>arbitror·</strong></span> 
     </span>
    </p>

    <p class='ocr_par' dir='ltr' id='par_1_6' title="bbox 320 3086 385 3146">
     <span class='ocr_line' id='line_1_29' title="bbox 320 3086 385 3146; baseline -0.031 0"><span class='ocrx_word' id='word_1_186' title='bbox 320 3086 385 3146; x_wconf 78' lang='lat'><strong>10*</strong></span> 
     </span>
    </p>
   </div>
   <div class='ocr_carea' id='block_1_4' title="bbox 0 0 1124 3492">
    <p class='ocr_par' dir='ltr' id='par_1_7' title="bbox 0 0 1124 3492">
     <span class='ocr_line' id='line_1_30' title="bbox 0 0 1124 3492; baseline 0 0"><span class='ocrx_word' id='word_1_187' title='bbox 0 0 1124 3492; x_wconf 95' lang='lat' dir='ltr'><strong> </strong></span> 
     </span>
    </p>
   </div>
  </div>
 </body>
</html>
