2200 3492
179 186 220 245 5⁰
514 205 558 252 uu
582 196 728 252 osricus.
947 201 986 261 [c.
996 200 1016 247 1.

226 351 358 425 alterum,
373 364 405 411 ut
419 364 511 413 totum
526 374 632 430 corpus
653 353 819 429 reipublice
840 361 953 424 curent,
966 370 1016 423 ne,

227 447 296 505 dum
315 461 426 525 partem
448 451 572 527 aliquam
593 461 720 522 tuentur,
736 451 859 524 reliquas
872 449 1008 506 deserant

215 544 266 609 ,Ut
288 546 365 603 euim
391 549 493 621 tutela,
514 548 559 606 sic
586 547 754 624 procuratio
778 545 954 621 reipublicae,
980 544 1018 602 ad

226 642 379 699 utilitatem
400 663 500 702 eorum
521 645 570 719 qui
589 643 734 702 commissi
755 652 831 713 sunt,
846 661 905 699 uon
920 643 956 699 ad
969 660 1018 699 eo·

196 750 290 799 5rum
318 735 422 810 quibus
450 736 605 795 commissa
630 746 684 807 est,
709 736 837 813 gerenda
860 745 912 792 est
950 733 1018 796 Qui

228 842 324 887 autem
337 832 412 906 parti
427 832 535 890 civium
550 833 715 904 consulunt,
729 842 840 908 partem
853 830 1016 907 negligunt,

227 946 287 984 rem
306 928 582 1003 perniciosissimam
596 930 626 986 in
641 930 786 985 civitatem
808 927 960 999 inducant,
974 944 1019 984 se·

227 1023 368 1082 ditionem
391 1036 475 1100 atque
499 1025 692 1083 discordiam:
720 1045 756 1083 ex
779 1045 836 1100 quo
858 1025 964 1097 evenit,
986 1034 1020 1082 ut

228 1118 276 1178 alii
297 1122 460 1197 populares,
476 1123 525 1180 alii
546 1123 665 1180 studiosi
690 1123 791 1199 optimi
816 1121 954 1198 cujusque
978 1121 1020 1179 vi·

183 1219 213 1268 10
227 1217 360 1290 deantur,
374 1219 461 1295 pauci
476 1219 685 1276 universorum.
940 1285 944 1293 ⁸

267 1313 347 1371 Hinc
370 1315 444 1391 apud
459 1315 655 1373 Athenienses
670 1335 780 1394 maguae
794 1310 965 1385 discordiae3
987 1315 1019 1372 in

227 1412 325 1468 nostrd
346 1413 495 1488 republicis
515 1432 573 1470 non
592 1398 687 1471 *solum
707 1414 872 1482 seditiones,
887 1413 938 1471 sed
956 1430 1020 1489 pes·

227 1508 312 1566 tilera
330 1509 417 1567 etiam
439 1510 515 1569 bella
542 1511 658 1568 civilia:
674 1526 750 1586 ‘quae
771 1510 866 1586 gravis
886 1519 915 1567 et
936 1509 1020 1567 sortis

229 1604 312 1678 civis,
327 1616 356 1664 et
376 1607 406 1664 in
427 1608 577 1684 republicd
601 1608 707 1684 dignus
726 1607 899 1684 principatu,
915 1606 1019 1683 lugiet,

182 1710 215 1759 15
230 1712 314 1778 atque
328 1703 439 1774 oderit,
460 1704 610 1779 tradetque
625 1723 656 1760 se
670 1714 763 1761 totum
776 1700 954 1780 reipublice,
967 1721 1019 1760 ue-

228 1817 284 1872 que
297 1817 366 1873 opes
381 1809 429 1856 aut
442 1800 600 1874 potentiam
618 1800 849 1857 consectabitur:
870 1810 1020 1875 totamque

227 1912 291 1951 eam
305 1895 348 1951 sic
358 1895 495 1967 tuebitur,
508 1905 538 1954 ut
548 1894 681 1954 omuibus
692 1896 831 1955 consulat
872 1896 940 1954 Nec
949 1915 1020 1956 vero

228 1991 398 2048 criminibus
425 1992 505 2049 falsis
525 1993 556 2049 in
576 1991 675 2050 odium
697 2002 746 2051 aut
772 1993 908 2057 invidiam
929 2013 1021 2069 quen·

227 2104 312 2163 quam
327 2089 458 2146 vocabit:
480 2090 655 2165 omninoque
672 2090 713 2147 ita
730 2090 848 2166 justitiae
863 2090 1021 2149 honestati·

180 2198 213 2247 20
227 2205 283 2260 que
305 2186 490 2259 adherescet,
513 2197 554 2258 ut,
569 2187 636 2259 dum
659 2206 694 2244 ee
714 2198 872 2260 conservet,
888 2189 1019 2264 quamvis

225 2283 349 2359 graviter
382 2283 726 2358 offendatmortemque
760 2294 881 2360 oppetat
909 2285 1018 2360 potius,

225 2399 309 2455 quam
325 2379 438 2437 deserat
452 2379 510 2451 illa,
525 2400 589 2455 que
602 2380 672 2437 diri,
966 2454 968 2461 ,

199 2505 202 2511 s
266 2474 431 2533 Miserrima
457 2487 501 2533 est
524 2477 643 2535 omnino
665 2476 793 2549 ambitio,
819 2478 1019 2554 honorumque

226 2572 392 2643 coutenti03
421 2572 457 2630 de
486 2575 542 2648 qua
566 2574 704 2650 praeclare
727 2575 801 2651 apud
828 2575 953 2632 eundem
974 2586 1019 2633 est

181 2668 394 2726 25Platonem:
423 2670 595 2727 “Similiter
623 2671 719 2728 facere
739 2690 800 2742 eos,
821 2672 871 2747 qui
891 2671 967 2729 inter
986 2691 1019 2729 se

226 2762 446 2841 contenderent,
461 2776 523 2824 uter
544 2768 641 2843 potius
661 2768 868 2844 rempublicam
883 2768 1020 2826 adminis·
1065 2794 1071 2799 ·

225 2872 323 2933 tranet,
339 2872 371 2919 ut
385 2862 409 2920 si
423 2869 518 2931 nautae
539 2874 693 2936 certarent,
707 2864 772 2941 quis
784 2874 884 2922 eorum
903 2865 1021 2940 potissi·

225 2978 305 3016 mum
335 2961 536 3037 gubernaret.’'
578 2960 717 3039 Idemque
743 2961 884 3038 precipit,
908 2971 942 3019 ut
967 2979 1021 3019 eos
