2200 3492
193 186 236 248 86
526 197 570 245 oe
588 196 737 245 armeus.
975 195 1048 257 [aa

280 345 391 406 XLIV.
413 346 511 423 Atque
531 346 584 420 illi,
598 366 719 425 quorum
740 345 837 406 studia
849 356 970 424 artaque
985 365 1049 405 om·

241 443 287 502 nis
307 443 337 501 in
357 463 453 507 rerum
475 444 645 522 cognitione
666 454 780 503 versata
805 454 860 518 est,
880 452 983 502 tamen
1010 444 1047 505 ab

243 542 383 619 augendis
397 541 548 603 hominum
568 542 743 601 utilitatibus
756 552 786 600 et
800 543 962 601 commodis
983 561 1046 601 non

241 649 433 697 recesserunt.
474 637 553 697 Nam
577 649 607 697 et
633 638 819 699 erudiverunt
846 640 964 712 multos,
987 658 1046 716 quo

132 762 140 771 ·
210 736 376 795 5meliores
397 736 485 809 cives,
507 737 695 812 utilioresque
715 738 802 794 rebus
829 737 890 794 suis
913 738 1045 813 publicis

241 845 361 905 esseut3
401 843 433 895 ut
470 834 647 895 Thebanum
685 833 919 909 Epaminondam
957 835 1045 911 Lysis

242 922 451 1008 Pythagoreus,
474 932 662 1007 Syracusium
682 931 809 989 Dionem
831 931 925 1003 Plato,
948 932 1046 990 multi·

241 1048 298 1105 que
318 1030 442 1087 multos:
462 1048 575 1105 nosque
594 1030 658 1105 ipsi,
672 1029 814 1105 quidquid
835 1029 871 1087 ad
886 1030 1045 1106 rempubli-

243 1145 308 1184 cam
337 1127 494 1198 attulimus,
517 1125 555 1204 (si
583 1127 671 1184 modo
699 1127 806 1202 aliquid
836 1127 1003 1207 attulimus)
1030 1147 1045 1184 a

197 1225 228 1274 10
243 1224 412 1281 doctoribus
433 1234 521 1300 atque
539 1244 558 1282 a
577 1224 711 1282 doctrinai
735 1224 879 1295 instructi,
901 1226 938 1282 ad
967 1244 1042 1295 eam,

228 1333 272 1380 'et
291 1321 395 1393 ornati,
417 1321 603 1381 accessimus.
645 1321 750 1398 Neque
770 1322 864 1380 solum
882 1324 940 1381 vivi
957 1334 1045 1399 atque

242 1429 399 1496 presentes
436 1419 578 1483 studiosos
615 1418 748 1478 discendi
782 1420 919 1478 erudiunt
956 1412 1044 1497 atque

243 1517 367 1588 docent;
406 1517 457 1577 sed
492 1516 549 1575 hoc
583 1517 660 1575 idem
694 1517 783 1575 etiam
816 1528 880 1594 post
917 1529 1044 1577 mortem

156 1663 159 1669 .
243 1615 432 1673 monimentis
456 1615 606 1679 literarum
634 1626 832 1691 assequuntur.
873 1615 941 1674 Nec
964 1615 1043 1675 enim

197 1722 228 1771 15
242 1714 325 1771 locus
358 1714 434 1771 ullus
466 1713 679 1789 praetermissus
711 1722 755 1770 est
789 1714 825 1770 ab
852 1713 897 1784 iis,
925 1714 980 1789 qui
1009 1713 1043 1773 ad

242 1808 332 1885 leges,
361 1808 410 1883 qui
431 1809 474 1867 „ad
502 1828 606 1882 mores,
634 1810 684 1885 qui
712 1811 747 1868 ad
775 1796 960 1887 disciplinam
991 1811 1044 1869 rei·

242 1905 566 1980 publicae,pertineret;
589 1918 620 1965 ut
633 1907 724 1985 otium
745 1927 830 1965 suum
851 1908 888 1967 ad
907 1920 1043 1970 nostrum

243 2003 392 2079 negotium
427 2003 587 2063 contulisse
616 2004 776 2062 videantur.
807 2003 879 2077 ,Ita
904 2005 948 2063 illi
978 2006 1041 2084 ipsi,

243 2098 384 2180 doetrinae
398 2101 502 2159 studiis
515 2103 708 2178 elsapientiae
722 2102 823 2171 dediti,
839 2103 875 2160 ad
889 2103 1042 2162 hominum

196 2209 228 2260 m
243 2198 396 2257 utilitatem
431 2202 523 2258 suam'
547 2198 768 2277 intelligentiam
799 2201 1042 2278 prudentiamque

241 2297 423 2373 potissimum
462 2297 624 2356 conferunt
680 2296 728 2354 Ob
765 2317 888 2374 eamque
921 2317 1040 2357 caussam

242 2395 340 2470 eloqui
370 2396 501 2479 copiose,
529 2395 617 2457 modo
650 2394 817 2470 prudenter,
845 2396 951 2454 melius
987 2407 1039 2466 est,

241 2510 328 2566 quam
349 2493 392 2549 vel
415 2491 582 2550 acutissime
595 2514 596 2519 ¹
608 2490 671 2548 sine
698 2491 864 2567 eloquentie
891 2493 1038 2570 cogitare;

242 2588 320 2662 quod
348 2589 488 2665 cogitatio
516 2588 546 2646 in
573 2607 605 2646 se
632 2588 695 2664 ipsa
722 2589 851 2661 vertitur,
874 2589 1040 2666 eloquentia

195 2696 229 2751 m
242 2686 444 2761 complectitur
459 2705 519 2760 eos,
534 2676 708 2762 quibuscum
723 2687 932 2750 communitate
943 2687 1039 2764 juncti

177 2845 181 2851 ,
240 2800 352 2841 sumus.
393 2784 504 2859 Atque,
514 2793 552 2841 ut·
567 2790 652 2859 apum
670 2784 876 2842 examinauon
891 2784 1039 2863 fingendo

242 2899 307 2946 rum
321 2879 449 2939 favorum
466 2880 555 2938 causa
569 2890 792 2959 congregantur,
807 2882 869 2954 sed,
884 2901 954 2940 cum
970 2901 1038 2943 con·
