<?xml version="1.0" encoding="UTF-8"?>
<!DOCTYPE html PUBLIC "-//W3C//DTD XHTML 1.0 Transitional//EN"
    "http://www.w3.org/TR/xhtml1/DTD/xhtml1-transitional.dtd">
<html xmlns="http://www.w3.org/1999/xhtml" xml:lang="en" lang="en">
 <head>
  <title>
</title>
<meta http-equiv="Content-Type" content="text/html;charset=utf-8" />
  <meta name='ocr-system' content='tesseract 3.04.00' />
  <meta name='ocr-capabilities' content='ocr_page ocr_carea ocr_par ocr_line ocrx_word'/>
</head>
<body>
  <div class='ocr_page' id='page_1' title='image "./mtciceronisdeof04cicegoog/mtciceronisdeof04cicegoog_0100.png"; bbox 0 0 2200 3492; ppageno 0'>
   <div class='ocr_carea' id='block_1_1' title="bbox 176 199 1022 269">
    <p class='ocr_par' dir='ltr' id='par_1_1' title="bbox 176 199 1022 269">
     <span class='ocr_line' id='line_1_1' title="bbox 176 199 1022 269; baseline -0.002 -8"><span class='ocrx_word' id='word_1_1' title='bbox 176 199 217 261; x_wconf 75' lang='lat' dir='ltr'>st</span> <span class='ocrx_word' id='word_1_2' title='bbox 471 226 476 233; x_wconf 79' lang='lat'>-</span> <span class='ocrx_word' id='word_1_3' title='bbox 507 209 551 259; x_wconf 84' lang='lat' dir='ltr'>os</span> <span class='ocrx_word' id='word_1_4' title='bbox 571 208 717 256; x_wconf 76' lang='lat' dir='ltr'>omens.</span> <span class='ocrx_word' id='word_1_5' title='bbox 951 209 1022 269; x_wconf 66' lang='lat' dir='ltr'>[aa</span> 
     </span>
    </p>
   </div>
   <div class='ocr_carea' id='block_1_2' title="bbox 223 359 1023 730">
    <p class='ocr_par' dir='ltr' id='par_1_2' title="bbox 223 359 1023 730">
     <span class='ocr_line' id='line_1_2' title="bbox 223 359 1023 435; baseline -0.001 -15"><span class='ocrx_word' id='word_1_6' title='bbox 223 363 337 435; x_wconf 89' lang='lat' dir='ltr'>melius,</span> <span class='ocrx_word' id='word_1_7' title='bbox 351 363 424 420; x_wconf 92' lang='lat' dir='ltr'>nihil</span> <span class='ocrx_word' id='word_1_8' title='bbox 438 361 568 434; x_wconf 89' lang='lat' dir='ltr'>uberius,</span> <span class='ocrx_word' id='word_1_9' title='bbox 582 360 655 420; x_wconf 89' lang='lat' dir='ltr'>nihil</span> <span class='ocrx_word' id='word_1_10' title='bbox 669 360 794 433; x_wconf 90' lang='lat' dir='ltr'>dulcius,</span> <span class='ocrx_word' id='word_1_11' title='bbox 808 359 881 418; x_wconf 90' lang='lat' dir='ltr'>nihil</span> <span class='ocrx_word' id='word_1_12' title='bbox 901 359 1023 419; x_wconf 85' lang='lat' dir='ltr'>homine</span> 
     </span>
     <span class='ocr_line' id='line_1_3' title="bbox 223 457 1021 538; baseline -0.003 -21"><span class='ocrx_word' id='word_1_13' title='bbox 223 460 315 518; x_wconf 91' lang='lat' dir='ltr'>libero</span> <span class='ocrx_word' id='word_1_14' title='bbox 342 460 475 538; x_wconf 84' lang='lat' dir='ltr'>dignius:</span> <span class='ocrx_word' id='word_1_15' title='bbox 503 459 540 516; x_wconf 92' lang='lat' dir='ltr'>de</span> <span class='ocrx_word' id='word_1_16' title='bbox 567 458 635 536; x_wconf 76' lang='lat' dir='ltr'>qui,</span> <span class='ocrx_word' id='word_1_17' title='bbox 658 458 795 534; x_wconf 90' lang='lat' dir='ltr'>quoniam</span> <span class='ocrx_word' id='word_1_18' title='bbox 822 457 853 515; x_wconf 92' lang='lat' dir='ltr'>in</span> <span class='ocrx_word' id='word_1_19' title='bbox 875 458 1021 516; x_wconf 86' lang='lat' dir='ltr'>“Catone</span> 
     </span>
     <span class='ocr_line' id='line_1_4' title="bbox 223 554 1018 633; baseline -0.003 -19"><span class='ocrx_word' id='word_1_20' title='bbox 223 554 364 633; x_wconf 85' lang='lat' dir='ltr'>Majore&#39;&#39;</span> <span class='ocrx_word' id='word_1_21' title='bbox 393 557 463 614; x_wconf 87' lang='lat' dir='ltr'>satis</span> <span class='ocrx_word' id='word_1_22' title='bbox 489 556 582 614; x_wconf 91' lang='lat' dir='ltr'>multa</span> <span class='ocrx_word' id='word_1_23' title='bbox 608 555 743 627; x_wconf 82' lang='lat' dir='ltr'>diximus,</span> <span class='ocrx_word' id='word_1_24' title='bbox 771 554 853 613; x_wconf 90' lang='lat' dir='ltr'>illinc</span> <span class='ocrx_word' id='word_1_25' title='bbox 877 574 1018 628; x_wconf 79' lang='lat' dir='ltr'>assumes,</span> 
     </span>
     <span class='ocr_line' id='line_1_5' title="bbox 223 653 750 730; baseline -0.004 -18"><span class='ocrx_word' id='word_1_26' title='bbox 223 674 286 730; x_wconf 85' lang='lat' dir='ltr'>quae</span> <span class='ocrx_word' id='word_1_27' title='bbox 302 654 336 712; x_wconf 90' lang='lat' dir='ltr'>ad</span> <span class='ocrx_word' id='word_1_28' title='bbox 350 654 429 713; x_wconf 89' lang='lat' dir='ltr'>huuc</span> <span class='ocrx_word' id='word_1_29' title='bbox 443 655 541 712; x_wconf 89' lang='lat' dir='ltr'>locum</span> <span class='ocrx_word' id='word_1_30' title='bbox 554 653 750 730; x_wconf 84' lang='lat' dir='ltr'>pertinebunt.</span> 
     </span>
    </p>
   </div>
   <div class='ocr_carea' id='block_1_3' title="bbox 166 846 1017 3057">
    <p class='ocr_par' dir='ltr' id='par_1_3' title="bbox 189 846 1017 1311">
     <span class='ocr_line' id='line_1_6' title="bbox 189 846 1017 925; baseline 0 -19"><span class='ocrx_word' id='word_1_31' title='bbox 189 848 206 896; x_wconf 82' lang='lat'><strong>5</strong></span> <span class='ocrx_word' id='word_1_32' title='bbox 261 848 373 908; x_wconf 81' lang='lat' dir='ltr'><strong>XLIII.</strong></span> <span class='ocrx_word' id='word_1_33' title='bbox 395 849 464 921; x_wconf 87' lang='lat' dir='ltr'>Sed,</span> <span class='ocrx_word' id='word_1_34' title='bbox 480 850 516 906; x_wconf 90' lang='lat' dir='ltr'>ab</span> <span class='ocrx_word' id='word_1_35' title='bbox 531 848 566 906; x_wconf 87' lang='lat' dir='ltr'>iis</span> <span class='ocrx_word' id='word_1_36' title='bbox 579 847 710 924; x_wconf 87' lang='lat' dir='ltr'>partibus</span> <span class='ocrx_word' id='word_1_37' title='bbox 722 864 785 925; x_wconf 77' lang='lat' dir='ltr'>quar</span> <span class='ocrx_word' id='word_1_38' title='bbox 800 857 867 904; x_wconf 90' lang='lat' dir='ltr'>sunt</span> <span class='ocrx_word' id='word_1_39' title='bbox 881 846 1017 907; x_wconf 85' lang='lat' dir='ltr'>honesta-</span> 
     </span>
     <span class='ocr_line' id='line_1_7' title="bbox 218 944 1017 1025; baseline 0 -22"><span class='ocrx_word' id='word_1_40' title='bbox 218 946 269 1025; x_wconf 87' lang='lat' dir='ltr'>tis,</span> <span class='ocrx_word' id='word_1_41' title='bbox 290 946 533 1021; x_wconf 83' lang='lat' dir='ltr'>quemadmodum</span> <span class='ocrx_word' id='word_1_42' title='bbox 555 945 652 1004; x_wconf 85' lang='lat' dir='ltr'>officis</span> <span class='ocrx_word' id='word_1_43' title='bbox 672 945 857 1016; x_wconf 80' lang='lat' dir='ltr'><strong>ducerentur,</strong></span> <span class='ocrx_word' id='word_1_44' title='bbox 878 944 949 1002; x_wconf 89' lang='lat' dir='ltr'>satis</span> <span class='ocrx_word' id='word_1_45' title='bbox 968 964 1017 1003; x_wconf 85' lang='lat' dir='ltr'>ex·</span> 
     </span>
     <span class='ocr_line' id='line_1_8' title="bbox 220 1041 1015 1118; baseline 0 -19"><span class='ocrx_word' id='word_1_46' title='bbox 220 1042 346 1118; x_wconf 90' lang='lat' dir='ltr'>positum</span> <span class='ocrx_word' id='word_1_47' title='bbox 366 1043 487 1100; x_wconf 86' lang='lat' dir='ltr'>videtur.</span> <span class='ocrx_word' id='word_1_48' title='bbox 528 1042 641 1103; x_wconf 84' lang='lat' dir='ltr'>Eorum</span> <span class='ocrx_word' id='word_1_49' title='bbox 668 1052 764 1099; x_wconf 87' lang='lat' dir='ltr'>autem</span> <span class='ocrx_word' id='word_1_50' title='bbox 792 1041 929 1118; x_wconf 85' lang='lat' dir='ltr'>ipsorum,</span> <span class='ocrx_word' id='word_1_51' title='bbox 950 1061 1015 1117; x_wconf 84' lang='lat' dir='ltr'>quae</span> 
     </span>
     <span class='ocr_line' id='line_1_9' title="bbox 221 1137 1014 1216; baseline -0.001 -20"><span class='ocrx_word' id='word_1_52' title='bbox 221 1140 343 1197; x_wconf 88' lang='lat' dir='ltr'>honesta</span> <span class='ocrx_word' id='word_1_53' title='bbox 356 1152 432 1212; x_wconf 91' lang='lat' dir='ltr'>sunt,</span> <span class='ocrx_word' id='word_1_54' title='bbox 446 1150 540 1216; x_wconf 87' lang='lat' dir='ltr'>potest</span> <span class='ocrx_word' id='word_1_55' title='bbox 555 1139 685 1198; x_wconf 80' lang='lat' dir='ltr'>incidere</span> <span class='ocrx_word' id='word_1_56' title='bbox 697 1157 774 1214; x_wconf 79' lang='lat' dir='ltr'>saepe</span> <span class='ocrx_word' id='word_1_57' title='bbox 788 1137 939 1195; x_wconf 87' lang='lat' dir='ltr'>contentio</span> <span class='ocrx_word' id='word_1_58' title='bbox 947 1160 955 1209; x_wconf 80' lang='lat'><em>3</em></span> <span class='ocrx_word' id='word_1_59' title='bbox 977 1138 1014 1195; x_wconf 89' lang='lat' dir='ltr'>de</span> 
     </span>
     <span class='ocr_line' id='line_1_10' title="bbox 220 1234 1014 1311; baseline 0.003 -19"><span class='ocrx_word' id='word_1_60' title='bbox 220 1235 332 1295; x_wconf 91' lang='lat' dir='ltr'>duobus</span> <span class='ocrx_word' id='word_1_61' title='bbox 352 1237 489 1308; x_wconf 87' lang='lat' dir='ltr'>honestis,</span> <span class='ocrx_word' id='word_1_62' title='bbox 510 1245 606 1293; x_wconf 87' lang='lat' dir='ltr'>utrum</span> <span class='ocrx_word' id='word_1_63' title='bbox 634 1235 798 1294; x_wconf 84' lang='lat' dir='ltr'>honestius:</span> <span class='ocrx_word' id='word_1_64' title='bbox 819 1234 868 1311; x_wconf 91' lang='lat' dir='ltr'>qui</span> <span class='ocrx_word' id='word_1_65' title='bbox 891 1234 976 1293; x_wconf 89' lang='lat' dir='ltr'>locus</span> <span class='ocrx_word' id='word_1_66' title='bbox 997 1254 1014 1294; x_wconf 88' lang='lat' dir='ltr'>a</span> 
     </span>
    </p>

    <p class='ocr_par' dir='ltr' id='par_1_4' title="bbox 174 1330 1013 1796">
     <span class='ocr_line' id='line_1_11' title="bbox 174 1330 1013 1409; baseline 0 -20"><span class='ocrx_word' id='word_1_67' title='bbox 174 1339 204 1389; x_wconf 84' lang='lat'>1⁰</span> <span class='ocrx_word' id='word_1_68' title='bbox 219 1330 349 1390; x_wconf 61' lang='lat' dir='ltr'>Panaetio</span> <span class='ocrx_word' id='word_1_69' title='bbox 376 1343 420 1391; x_wconf 88' lang='lat' dir='ltr'>est</span> <span class='ocrx_word' id='word_1_70' title='bbox 445 1332 663 1409; x_wconf 77' lang='lat' dir='ltr'>praetermissus,</span> <span class='ocrx_word' id='word_1_71' title='bbox 711 1330 800 1403; x_wconf 88' lang='lat' dir='ltr'>Nam,</span> <span class='ocrx_word' id='word_1_72' title='bbox 824 1350 890 1389; x_wconf 90' lang='lat' dir='ltr'>cum</span> <span class='ocrx_word' id='word_1_73' title='bbox 917 1331 1013 1390; x_wconf 89' lang='lat' dir='ltr'>omnis</span> 
     </span>
     <span class='ocr_line' id='line_1_12' title="bbox 219 1423 1013 1505; baseline 0 -18"><span class='ocrx_word' id='word_1_74' title='bbox 219 1428 355 1487; x_wconf 90' lang='lat' dir='ltr'>honestas</span> <span class='ocrx_word' id='word_1_75' title='bbox 375 1440 473 1487; x_wconf 88' lang='lat' dir='ltr'>manet</span> <span class='ocrx_word' id='word_1_76' title='bbox 488 1429 646 1505; x_wconf 81' lang='lat' dir='ltr'>apartibus</span> <span class='ocrx_word' id='word_1_77' title='bbox 665 1438 797 1504; x_wconf 87' lang='lat' dir='ltr'>quatuor,</span> <span class='ocrx_word' id='word_1_78' title='bbox 811 1446 931 1504; x_wconf 88' lang='lat' dir='ltr'>quarum</span> <span class='ocrx_word' id='word_1_79' title='bbox 953 1423 1013 1487; x_wconf 86' lang='lat' dir='ltr'>una</span> 
     </span>
     <span class='ocr_line' id='line_1_13' title="bbox 217 1515 1013 1604; baseline 0 -22"><span class='ocrx_word' id='word_1_80' title='bbox 217 1526 256 1583; x_wconf 87' lang='lat' dir='ltr'>sit</span> <span class='ocrx_word' id='word_1_81' title='bbox 276 1526 461 1604; x_wconf 76' lang='lat' dir='ltr'>cognitionis,</span> <span class='ocrx_word' id='word_1_82' title='bbox 476 1527 567 1584; x_wconf 84' lang='lat' dir='ltr'>altera</span> <span class='ocrx_word' id='word_1_83' title='bbox 586 1524 810 1595; x_wconf 84' lang='lat' dir='ltr'>communitatis,</span> <span class='ocrx_word' id='word_1_84' title='bbox 824 1523 910 1583; x_wconf 89' lang='lat' dir='ltr'>tertia</span> <span class='ocrx_word' id='word_1_85' title='bbox 933 1515 1013 1602; x_wconf 84' lang='lat' dir='ltr'>meg·</span> 
     </span>
     <span class='ocr_line' id='line_1_14' title="bbox 219 1620 1012 1699; baseline -0.001 -19"><span class='ocrx_word' id='word_1_86' title='bbox 219 1624 406 1696; x_wconf 87' lang='lat' dir='ltr'>nanimitatis,</span> <span class='ocrx_word' id='word_1_87' title='bbox 427 1633 528 1699; x_wconf 86' lang='lat' dir='ltr'>quarta</span> <span class='ocrx_word' id='word_1_88' title='bbox 555 1620 778 1697; x_wconf 69' lang='lat' dir='ltr'>moderationis;</span> <span class='ocrx_word' id='word_1_89' title='bbox 806 1622 860 1692; x_wconf 79' lang='lat' dir='ltr'>hm,</span> <span class='ocrx_word' id='word_1_90' title='bbox 883 1620 913 1678; x_wconf 93' lang='lat' dir='ltr'>in</span> <span class='ocrx_word' id='word_1_91' title='bbox 941 1620 1012 1680; x_wconf 89' lang='lat' dir='ltr'>deli·</span> 
     </span>
     <span class='ocr_line' id='line_1_15' title="bbox 218 1718 1011 1796; baseline 0 -20"><span class='ocrx_word' id='word_1_92' title='bbox 218 1720 314 1796; x_wconf 78' lang='lat' dir='ltr'>gendo</span> <span class='ocrx_word' id='word_1_93' title='bbox 341 1720 446 1792; x_wconf 88' lang='lat' dir='ltr'>officio,</span> <span class='ocrx_word' id='word_1_94' title='bbox 467 1738 543 1796; x_wconf 85' lang='lat' dir='ltr'>saepe</span> <span class='ocrx_word' id='word_1_95' title='bbox 570 1718 645 1783; x_wconf 89' lang='lat' dir='ltr'>iuter</span> <span class='ocrx_word' id='word_1_96' title='bbox 669 1737 701 1776; x_wconf 89' lang='lat' dir='ltr'>se</span> <span class='ocrx_word' id='word_1_97' title='bbox 728 1729 941 1795; x_wconf 79' lang='lat' dir='ltr'>comparentur,</span> <span class='ocrx_word' id='word_1_98' title='bbox 961 1738 1011 1776; x_wconf 90' lang='lat' dir='ltr'>ne·</span> 
     </span>
    </p>

    <p class='ocr_par' dir='ltr' id='par_1_5' title="bbox 172 1826 371 1880">
     <span class='ocr_line' id='line_1_16' title="bbox 172 1826 371 1880; baseline 0 -7"><span class='ocrx_word' id='word_1_99' title='bbox 172 1830 203 1880; x_wconf 82' lang='lat'>15</span> <span class='ocrx_word' id='word_1_100' title='bbox 219 1834 301 1873; x_wconf 89' lang='lat' dir='ltr'>cesse</span> <span class='ocrx_word' id='word_1_101' title='bbox 320 1826 371 1875; x_wconf 87' lang='lat' dir='ltr'>est.</span> 
     </span>
    </p>

    <p class='ocr_par' dir='ltr' id='par_1_6' title="bbox 215 1909 1011 2279">
     <span class='ocr_line' id='line_1_17' title="bbox 256 1909 1011 1988; baseline 0.004 -20"><span class='ocrx_word' id='word_1_102' title='bbox 256 1909 358 1968; x_wconf 89' lang='lat' dir='ltr'>Placet</span> <span class='ocrx_word' id='word_1_103' title='bbox 378 1911 475 1988; x_wconf 85' lang='lat' dir='ltr'>igitur,</span> <span class='ocrx_word' id='word_1_104' title='bbox 498 1911 610 1988; x_wconf 81' lang='lat' dir='ltr'>aptiora</span> <span class='ocrx_word' id='word_1_105' title='bbox 635 1930 700 1970; x_wconf 89' lang='lat' dir='ltr'>esse</span> <span class='ocrx_word' id='word_1_106' title='bbox 726 1921 837 1970; x_wconf 72' lang='lat' dir='ltr'>naturas</span> <span class='ocrx_word' id='word_1_107' title='bbox 857 1929 893 1969; x_wconf 88' lang='lat' dir='ltr'>ea</span> <span class='ocrx_word' id='word_1_108' title='bbox 912 1911 1011 1971; x_wconf 89' lang='lat' dir='ltr'>officia</span> 
     </span>
     <span class='ocr_line' id='line_1_18' title="bbox 215 2006 1009 2088; baseline 0.005 -24"><span class='ocrx_word' id='word_1_109' title='bbox 215 2026 281 2083; x_wconf 79' lang='lat' dir='ltr'>quae</span> <span class='ocrx_word' id='word_1_110' title='bbox 309 2026 345 2064; x_wconf 85' lang='lat' dir='ltr'>ex</span> <span class='ocrx_word' id='word_1_111' title='bbox 372 2007 590 2080; x_wconf 83' lang='lat' dir='ltr'>communitate,</span> <span class='ocrx_word' id='word_1_112' title='bbox 611 2027 700 2084; x_wconf 44' lang='lat' dir='ltr'>,quam</span> <span class='ocrx_word' id='word_1_113' title='bbox 727 2027 762 2067; x_wconf 87' lang='lat' dir='ltr'>ea</span> <span class='ocrx_word' id='word_1_114' title='bbox 788 2028 851 2085; x_wconf 83' lang='lat' dir='ltr'>quae</span> <span class='ocrx_word' id='word_1_115' title='bbox 878 2006 915 2073; x_wconf 69' lang='grc' dir='ltr'>ὥς</span> <span class='ocrx_word' id='word_1_116' title='bbox 942 2027 1009 2088; x_wconf 83' lang='lat' dir='ltr'>cog·</span> 
     </span>
     <span class='ocr_line' id='line_1_19' title="bbox 216 2103 1009 2182; baseline 0.003 -20"><span class='ocrx_word' id='word_1_117' title='bbox 216 2103 337 2177; x_wconf 89' lang='lat' dir='ltr'>uitione,</span> <span class='ocrx_word' id='word_1_118' title='bbox 358 2104 517 2162; x_wconf 90' lang='lat' dir='ltr'>ducantur:</span> <span class='ocrx_word' id='word_1_119' title='bbox 547 2104 634 2181; x_wconf 88' lang='lat' dir='ltr'>idque</span> <span class='ocrx_word' id='word_1_120' title='bbox 661 2104 716 2163; x_wconf 93' lang='lat' dir='ltr'>hoc</span> <span class='ocrx_word' id='word_1_121' title='bbox 743 2115 912 2182; x_wconf 83' lang='lat' dir='ltr'>argumento</span> <span class='ocrx_word' id='word_1_122' title='bbox 940 2126 1009 2171; x_wconf 88' lang='lat' dir='ltr'>con·</span> 
     </span>
     <span class='ocr_line' id='line_1_20' title="bbox 215 2200 1009 2279; baseline 0.004 -21"><span class='ocrx_word' id='word_1_123' title='bbox 215 2200 323 2259; x_wconf 87' lang='lat' dir='ltr'>firmari</span> <span class='ocrx_word' id='word_1_124' title='bbox 343 2211 447 2278; x_wconf 86' lang='lat' dir='ltr'>potest,</span> <span class='ocrx_word' id='word_1_125' title='bbox 462 2202 549 2277; x_wconf 89' lang='lat' dir='ltr'>quod,</span> <span class='ocrx_word' id='word_1_126' title='bbox 565 2201 589 2258; x_wconf 90' lang='lat' dir='ltr'>si</span> <span class='ocrx_word' id='word_1_127' title='bbox 610 2200 763 2278; x_wconf 86' lang='lat' dir='ltr'>contigerit</span> <span class='ocrx_word' id='word_1_128' title='bbox 775 2220 813 2259; x_wconf 87' lang='lat' dir='ltr'>ea</span> <span class='ocrx_word' id='word_1_129' title='bbox 825 2201 883 2259; x_wconf 84' lang='lat' dir='ltr'>vita</span> <span class='ocrx_word' id='word_1_130' title='bbox 896 2204 1009 2279; x_wconf 90' lang='lat' dir='ltr'>sapien·</span> 
     </span>
    </p>

    <p class='ocr_par' dir='ltr' id='par_1_7' title="bbox 168 2297 1009 2764">
     <span class='ocr_line' id='line_1_21' title="bbox 168 2297 1008 2376; baseline -0.001 -17"><span class='ocrx_word' id='word_1_131' title='bbox 168 2307 200 2359; x_wconf 70' lang='lat'>2⁰</span> <span class='ocrx_word' id='word_1_132' title='bbox 215 2297 248 2371; x_wconf 94' lang='lat' dir='ltr'>ti,</span> <span class='ocrx_word' id='word_1_133' title='bbox 276 2308 308 2357; x_wconf 93' lang='lat' dir='ltr'>ut</span> <span class='ocrx_word' id='word_1_134' title='bbox 334 2299 365 2356; x_wconf 91' lang='lat' dir='ltr'>in</span> <span class='ocrx_word' id='word_1_135' title='bbox 394 2298 524 2355; x_wconf 90' lang='lat' dir='ltr'>omnium</span> <span class='ocrx_word' id='word_1_136' title='bbox 557 2317 652 2355; x_wconf 89' lang='lat' dir='ltr'>rerum</span> <span class='ocrx_word' id='word_1_137' title='bbox 687 2298 870 2356; x_wconf 87' lang='lat' dir='ltr'>affluentibus</span> <span class='ocrx_word' id='word_1_138' title='bbox 904 2301 1008 2376; x_wconf 87' lang='lat' dir='ltr'>copiis,</span> 
     </span>
     <span class='ocr_line' id='line_1_22' title="bbox 214 2394 1008 2472; baseline 0.005 -20"><span class='ocrx_word' id='word_1_139' title='bbox 214 2395 344 2471; x_wconf 84' lang='lat' dir='ltr'>quamvis</span> <span class='ocrx_word' id='word_1_140' title='bbox 376 2394 483 2467; x_wconf 87' lang='lat' dir='ltr'>omnia,</span> <span class='ocrx_word' id='word_1_141' title='bbox 517 2414 580 2470; x_wconf 82' lang='lat' dir='ltr'>quas</span> <span class='ocrx_word' id='word_1_142' title='bbox 614 2394 783 2472; x_wconf 79' lang='lat' dir='ltr'>cognitione</span> <span class='ocrx_word' id='word_1_143' title='bbox 816 2394 906 2472; x_wconf 83' lang='lat' dir='ltr'>digna</span> <span class='ocrx_word' id='word_1_144' title='bbox 939 2396 1008 2470; x_wconf 88' lang='lat' dir='ltr'>sint,</span> 
     </span>
     <span class='ocr_line' id='line_1_23' title="bbox 215 2490 1009 2572; baseline 0.005 -23"><span class='ocrx_word' id='word_1_145' title='bbox 215 2511 328 2549; x_wconf 86' lang='lat' dir='ltr'>summo</span> <span class='ocrx_word' id='word_1_146' title='bbox 349 2492 409 2549; x_wconf 88' lang='lat' dir='ltr'>otio</span> <span class='ocrx_word' id='word_1_147' title='bbox 423 2510 522 2549; x_wconf 88' lang='lat' dir='ltr'>secum</span> <span class='ocrx_word' id='word_1_148' title='bbox 537 2491 599 2568; x_wconf 88' lang='lat' dir='ltr'>ipse</span> <span class='ocrx_word' id='word_1_149' title='bbox 613 2490 776 2549; x_wconf 89' lang='lat' dir='ltr'>consideret</span> <span class='ocrx_word' id='word_1_150' title='bbox 788 2501 819 2549; x_wconf 91' lang='lat' dir='ltr'>et</span> <span class='ocrx_word' id='word_1_151' title='bbox 832 2494 1009 2572; x_wconf 89' lang='lat' dir='ltr'>contemple-</span> 
     </span>
     <span class='ocr_line' id='line_1_24' title="bbox 214 2588 1008 2661; baseline 0.005 -15"><span class='ocrx_word' id='word_1_152' title='bbox 214 2597 277 2658; x_wconf 88' lang='lat' dir='ltr'>tur;</span> <span class='ocrx_word' id='word_1_153' title='bbox 305 2598 413 2661; x_wconf 89' lang='lat' dir='ltr'>tamen,</span> <span class='ocrx_word' id='word_1_154' title='bbox 433 2588 458 2645; x_wconf 92' lang='lat' dir='ltr'>si</span> <span class='ocrx_word' id='word_1_155' title='bbox 479 2588 603 2646; x_wconf 89' lang='lat' dir='ltr'>solitudo</span> <span class='ocrx_word' id='word_1_156' title='bbox 628 2596 709 2645; x_wconf 86' lang='lat' dir='ltr'>tauta</span> <span class='ocrx_word' id='word_1_157' title='bbox 731 2588 778 2660; x_wconf 88' lang='lat' dir='ltr'>sit,</span> <span class='ocrx_word' id='word_1_158' title='bbox 800 2599 832 2647; x_wconf 89' lang='lat' dir='ltr'>ut</span> <span class='ocrx_word' id='word_1_159' title='bbox 858 2588 1008 2650; x_wconf 92' lang='lat' dir='ltr'>hominem</span> 
     </span>
     <span class='ocr_line' id='line_1_25' title="bbox 214 2685 1008 2764; baseline 0.006 -21"><span class='ocrx_word' id='word_1_160' title='bbox 214 2685 312 2744; x_wconf 84' lang='lat' dir='ltr'>videre</span> <span class='ocrx_word' id='word_1_161' title='bbox 332 2703 391 2743; x_wconf 90' lang='lat' dir='ltr'>non</span> <span class='ocrx_word' id='word_1_162' title='bbox 411 2685 512 2761; x_wconf 87' lang='lat' dir='ltr'>possit,</span> <span class='ocrx_word' id='word_1_163' title='bbox 532 2685 656 2743; x_wconf 76' lang='lat' dir='ltr'>excedat</span> <span class='ocrx_word' id='word_1_164' title='bbox 669 2704 686 2742; x_wconf 90' lang='lat' dir='ltr'>e</span> <span class='ocrx_word' id='word_1_165' title='bbox 699 2685 767 2744; x_wconf 75' lang='lat' dir='ltr'>vitu.</span> <span class='ocrx_word' id='word_1_166' title='bbox 807 2685 1008 2764; x_wconf 81' lang='lat' dir='ltr'>Princepsque</span> 
     </span>
    </p>

    <p class='ocr_par' dir='ltr' id='par_1_8' title="bbox 166 2768 1007 3057">
     <span class='ocr_line' id='line_1_26' title="bbox 166 2768 1007 2860; baseline -0.001 -22"><span class='ocrx_word' id='word_1_167' title='bbox 166 2788 199 2838; x_wconf 70' lang='lat'>25</span> <span class='ocrx_word' id='word_1_168' title='bbox 213 2781 344 2840; x_wconf 88' lang='lat' dir='ltr'>omnium</span> <span class='ocrx_word' id='word_1_169' title='bbox 354 2768 492 2839; x_wconf 74' lang='lat' dir='ltr'>iirtuturn</span> <span class='ocrx_word' id='word_1_170' title='bbox 507 2792 550 2840; x_wconf 90' lang='lat' dir='ltr'>est</span> <span class='ocrx_word' id='word_1_171' title='bbox 565 2780 614 2841; x_wconf 87' lang='lat' dir='ltr'>illa</span> <span class='ocrx_word' id='word_1_172' title='bbox 627 2782 779 2860; x_wconf 89' lang='lat' dir='ltr'>sapientia,</span> <span class='ocrx_word' id='word_1_173' title='bbox 793 2803 879 2859; x_wconf 85' lang='lat' dir='ltr'>quam</span> <span class='ocrx_word' id='word_1_174' title='bbox 895 2791 1007 2856; x_wconf 74' lang='grc' dir='ltr'><em>Σοφίαν</em></span> 
     </span>
     <span class='ocr_line' id='line_1_27' title="bbox 212 2878 1007 2958; baseline 0.006 -21"><span class='ocrx_word' id='word_1_175' title='bbox 212 2878 310 2937; x_wconf 78' lang='lat' dir='ltr'>Graeci</span> <span class='ocrx_word' id='word_1_176' title='bbox 329 2887 451 2937; x_wconf 85' lang='lat' dir='ltr'>vocant:</span> <span class='ocrx_word' id='word_1_177' title='bbox 478 2879 662 2955; x_wconf 86' lang='lat' dir='ltr'>prudentiam</span> <span class='ocrx_word' id='word_1_178' title='bbox 686 2880 774 2954; x_wconf 87' lang='lat' dir='ltr'>enim,</span> <span class='ocrx_word' id='word_1_179' title='bbox 795 2901 881 2958; x_wconf 87' lang='lat' dir='ltr'>quam</span> <span class='ocrx_word' id='word_1_180' title='bbox 908 2881 1007 2942; x_wconf 82' lang='lat' dir='ltr'>Graeci</span> 
     </span>
     <span class='ocr_line' id='line_1_28' title="bbox 214 2975 1005 3057; baseline 0.011 -27"><span class='ocrx_word' id='word_1_181' title='bbox 214 2976 355 3051; x_wconf 69' lang='grc' dir='ltr'>Φρόνησιν</span> <span class='ocrx_word' id='word_1_182' title='bbox 383 2975 772 3056; x_wconf 75' lang='lat' dir='ltr'>dieunt,³s1iamquandam</span> <span class='ocrx_word' id='word_1_183' title='bbox 797 2977 1005 3057; x_wconf 77' lang='lat' dir='ltr'>intelligimus3</span> 
     </span>
    </p>
   </div>
   <div class='ocr_carea' id='block_1_4' title="bbox 0 0 1104 3492">
    <p class='ocr_par' dir='ltr' id='par_1_9' title="bbox 0 0 1104 3492">
     <span class='ocr_line' id='line_1_29' title="bbox 0 0 1104 3492; baseline 0 4"><span class='ocrx_word' id='word_1_184' title='bbox 0 0 1104 3492; x_wconf 95' lang='lat' dir='ltr'> </span> 
     </span>
    </p>
   </div>
  </div>
 </body>
</html>
