2200 3492
77 200 109 248 ι,
120 201 154 261 t]
393 201 435 248 us
453 202 600 250 orrrmrs.
892 195 933 255 67

80 354 250 432 gregabilia
270 353 374 412 naturd
395 353 462 427 sint,
478 355 593 433 fingunt
613 355 709 428 favos3
730 356 774 415 sic
795 356 887 414 homi·

80 471 145 524 nes,
169 471 208 510 ac
228 452 321 509 multo
342 452 430 510 etiam
451 453 553 530 magis,
573 455 679 512 naturd
703 455 886 533 congregati,

81 550 228 607 adhibent
257 549 362 626 agendi
390 549 595 627 cogitandique
621 551 776 610 solertiam.
830 552 887 609 Ita·

80 665 149 722 que,
173 646 234 704 nisi
256 666 291 704 ea
311 646 411 718 virtus,
433 666 496 723 quse
520 658 636 706 constat
659 664 696 706 ex
719 649 887 707 hominibus

81 745 215 816 tuendis,
244 744 274 801 id
302 754 357 817 est,
384 763 421 802 ex
447 745 588 802 societate
614 746 731 823 generis
757 747 918 819 humani‚5

19 876 21 895 .
82 843 212 919 attingat
233 841 430 919 cognitionem
451 861 558 915 rerum,
573 843 700 920 solivaga
714 844 844 923 cognitio
857 855 887 901 et

19 980 21 1019 ;
79 940 184 1016 jejuna
219 940 359 997 videatur.
413 938 546 1016 Itemque
580 942 750 1018 magnitudo
786 941 886 1013 animi,

19 1054 20 1075 ἒ
81 1039 199 1096 remota
227 1038 436 1095 communitate
461 1038 725 1115 conjunctioneque
749 1038 886 1110 humana,

82 1135 187 1192 feritas
215 1135 254 1192 sit
281 1135 413 1209 quaedarn
441 1145 470 1193 et
498 1135 672 1193 immanitas.
714 1134 760 1194 Ita
785 1136 827 1207 fit,
855 1146 888 1194 ut

82 1232 186 1290 vincat
201 1228 378 1308 cognitionis
390 1232 518 1289 studium
538 1232 718 1290 consociatio
738 1233 886 1291 hominum
905 1236 935 1283 1⁰

19 1370 21 1375 ,
83 1340 173 1404 atque
190 1329 395 1386 communitas.

123 1424 196 1484 Nec
222 1443 323 1483 verum
350 1435 405 1499 est,
432 1425 510 1501 quod
537 1425 645 1484 dicitur
667 1445 684 1483 a
703 1424 887 1501 quibusdam,

82 1533 205 1600 propter
227 1522 431 1580 necessitatem
451 1522 527 1595 vitm,
542 1523 620 1599 quod
639 1541 685 1594 ea,
699 1541 763 1598 quae
784 1532 889 1580 natura

84 1620 279 1695 desideraret,
300 1619 441 1695 consequi
468 1619 531 1677 sine
556 1620 630 1692 aliis,
652 1629 737 1696 atque
760 1619 886 1690 efficere,

84 1737 143 1776 non
158 1736 324 1794 possemus,
336 1714 447 1774 idcirco
461 1718 544 1775 istam
559 1736 624 1775 esse
638 1735 706 1775 cum
720 1716 888 1774 hominibus
905 1717 936 1766 ¹5
971 1750 973 1759 ι

19 1826 21 1885 l
86 1814 329 1873 communitatem
350 1825 381 1871 et
400 1815 579 1873 societatem.
629 1815 767 1878 Quodsi
789 1813 889 1873 omnia

19 1888 21 1935 ζ
86 1911 183 1983 nohis,
199 1930 264 1986 quae
279 1910 315 1967 ad
329 1909 437 1968 victum
452 1911 621 1986 cultumque
634 1912 790 1988 pertinent,
805 1911 888 1987 quasi

86 2008 199 2086 virgulti
228 2007 338 2080 divino,
359 2018 392 2066 ut
417 2009 507 2080 aiunt,
529 2010 796 2086 suppeditarentur3
825 2020 886 2067 tum

86 2107 196 2182 optimo
219 2106 343 2181 quisque
364 2105 493 2183 ingenio,
507 2106 633 2183 negotiis
653 2107 788 2164 omnibus
802 2107 888 2164 omis-

87 2203 135 2274 sis,
149 2214 245 2262 totum
261 2222 293 2259 se
307 2203 338 2262 in
352 2203 522 2280 cognitione
535 2213 566 2261 et
579 2203 703 2261 scientis
719 2204 885 2262 collocaret.
900 2207 934 2257 20

87 2299 154 2359 Non
182 2312 229 2363 est
257 2301 316 2358 ita:
343 2304 411 2357 nam
439 2310 468 2357 et
495 2301 680 2359 solitudinem
708 2302 830 2379 lugeret,
858 2310 887 2358 et

88 2399 199 2457 socium
216 2397 307 2455 studii
321 2407 461 2473 quaereret
470 2417 483 2455 :¹
499 2407 560 2455 tum
575 2399 690 2469 docere,
702 2408 762 2455 tum
774 2397 887 2454 discere

90 2495 180 2569 vellet,
209 2505 275 2552 tam
305 2493 415 2566 audire,
442 2504 506 2553 tum
533 2494 641 2551 dicere.
691 2494 772 2572 Ergo
799 2512 887 2551 omne

91 2591 226 2664 officium,
249 2589 330 2666 quod
351 2590 387 2648 ad
412 2584 648 2666 conjunctionem
676 2589 836 2661 hominum,
858 2599 887 2647 et

92 2688 123 2745 ad
135 2689 312 2747 societatem
333 2686 471 2744 tuendam
491 2687 577 2759 valet,
592 2686 826 2762 anteponendum
842 2696 886 2744 est
899 2687 933 2736 25

92 2783 127 2843 illi
153 2786 266 2859 officio,
288 2783 366 2859 quod
394 2783 563 2862 cognitione
589 2792 619 2841 et
646 2783 769 2842 scientia
796 2783 887 2842 conti·
