2200 3492
124 218 217 280 unu]
426 220 469 268 uu
491 220 638 268 ortucus.
886 206 958 265 tol
979 193 984 203 ’

124 367 215 427 multo
242 368 334 445 magis
361 368 451 446 exigit
470 369 533 446 ipra
552 381 662 427 naturae
683 368 766 440 ratio,
787 376 915 444 quaeest

124 465 169 523 lex
198 464 301 522 divina
326 476 355 522 et
383 466 526 537 humena3
560 466 610 524 cui
642 484 744 542 parere
771 465 820 540 qui
847 464 915 523 velit

125 561 242 639 (omnes
256 571 352 620 autem
366 564 516 639 parebunt,
531 564 580 638 qui
592 563 761 621 secundum
781 571 915 619 naturam

30 700 36 709 .
125 659 222 716 volent
242 659 363 739 vivere),
377 679 525 734 nunquam
546 660 717 730 committet,
736 669 768 716 ut
789 659 915 716 alienum

54 780 83 851 Q
125 765 251 832 appetet,
272 765 301 813 et
328 756 368 828 id,
389 757 467 832 quod
496 757 578 815 alteri
604 756 768 824 detraxerit,
790 755 846 814 eibi
874 763 946 812 as-5

123 862 228 910 sumat.
294 862 296 865 ’
352 903 355 911 .

162 948 282 1006 Etenim
310 950 401 1008 multo
420 951 512 1027 magle
531 960 576 1008 eet
595 951 756 1031 secundum
782 960 916 1008 naturam

123 1045 277 1104 excelsitas
299 1047 387 1105 animi
401 1052 430 1104 'et
444 1047 623 1125 magnitude
638 1048 764 1124 itemque
782 1046 916 1119 comitae,

121 1142 243 1220 justitia,
263 1143 429 1216 liberalitas,
438 1152 539 1219 ‘quam
566 1145 708 1221 voluptas,
735 1160 820 1220 quam
847 1144 915 1215 vita,

123 1258 210 1315 quam
231 1239 361 1298 divitimt
380 1260 442 1316 qum
462 1241 579 1316 quidem
600 1251 794 1313 contemnem,
815 1250 844 1298 et
863 1258 916 1316 pro
930 1245 963 1296 lu

122 1334 216 1395 nihilo
232 1336 353 1410 ducere,
368 1320 585 1414 comparantem
606 1358 674 1396 cum
694 1338 817 1397 utilitate
838 1356 917 1396 com-

124 1432 215 1504 muni,
243 1433 341 1510 magni
367 1433 456 1493 animi
483 1444 512 1492 et
538 1435 647 1492 excelsi
674 1444 733 1504 eet3
764 1435 916 1493 detrahere

124 1539 221 1587 autem
256 1528 416 1588 alteriaci
450 1531 597 1588 commodi
626 1530 725 1602 caued,
752 1529 846 1606 magis
871 1539 918 1586 eet

123 1635 387 1698 contionaturum,
407 1645 492 1705 quam
513 1645 601 1697 mors,
616 1645 701 1702 quam
721 1626 815 1697 dolor,
830 1643 916 1700 quam

123 1732 231 1781 cetere
244 1723 359 1800 generis
370 1724 508 1800 ejusdem.
931 1726 962 1779 15

162 1817 303 1895 Itemque,
325 1820 416 1897 magis
439 1830 484 1878 eet
511 1820 671 1878 secundum
698 1829 842 1890 naturam,
862 1836 916 1894 pro

121 1916 259 1974 omnibus
286 1916 419 1993 gentibus
441 1915 479 1996 (ei
499 1917 563 1975 fieri
585 1917 688 1996 possit)
711 1916 916 1977 conservandis

20 2070 23 2075 .
123 2023 174 2071 aut
191 2012 335 2089 juvandis,
349 2013 489 2073 maximoe
509 2014 623 2071 labores
639 2013 842 2088 molestiasque
856 2023 917 2070 eus·

123 2108 232 2184 cipere,
254 2108 414 2169 imitantem
435 2109 705 2180 Herculem'illum,
720 2127 806 2182 quem
826 2107 917 2165 homi-

122 2222 195 2271 num
228 2205 314 2277 sama,
343 2205 550 2263 beneficiorum
583 2223 703 2275 memor,
731 2204 761 2262 in
789 2203 915 2263 concilio
930 2210 963 2260 2⁰
1017 2254 1024 2269 χ

123 2301 285 2361 coeleetium
303 2301 475 2372 ,collocavit3
496 2321 583 2376 quarn
597 2301 691 2358 vivere
706 2302 736 2358 in
750 2299 915 2368 solitudine,

123 2417 182 2456 uon
210 2398 297 2455 modo
331 2398 395 2455 sine
420 2398 487 2457 ullie
516 2398 665 2468 molestiis,
693 2397 743 2463 red
771 2397 858 2455 etiam
886 2395 915 2451 in

124 2494 256 2559 maximis
277 2494 480 2570 voluptatibus,
499 2495 693 2563 abundantem
713 2474 847 2551 omnibus
868 2511 917 2549 co·

121 2593 196 2670 piis3
217 2601 249 2649 ut
262 2590 389 2649 excellas
408 2592 494 2649 etiam
514 2591 740 2667 pulchritudine,
755 2600 784 2649 et
798 2590 914 2647 viribus.

121 2686 284 2757 Quocirca,
320 2685 429 2761 optimo
463 2687 584 2762 quisque
619 2696 647 2743 et
684 2685 915 2760 splendidissimo
930 2701 962 2750 25

122 2782 244 2861 ingenio
263 2783 351 2859 longe
372 2781 450 2842 illam
470 2783 558 2853 vitam
579 2783 648 2841 huic
670 2783 824 2858 anteponit.
870 2781 916 2838 Ex

121 2899 181 2957 quo
213 2879 349 2950 efficitur,
382 2878 538 2951 hominem,
574 2891 684 2937 nature
721 2879 915 2948 obedientem,

122 2974 236 3041 homini
249 2994 357 3034 nocere
370 2994 430 3035 nen
444 2994 537 3052 poene.
