2200 3492
99 171 104 178 ’
185 184 242 244 146
517 193 561 240 nn
583 191 730 240 ossrcns.
923 189 1018 253 [unt
1079 146 1080 161 ἵ

229 343 378 405 venienter
405 353 515 402 naturae
541 343 667 416 vivere,”
696 342 726 400 id
753 342 840 400 habet
873 341 960 414 hano,
989 353 1019 400 nt

228 439 341 516 opinor,
355 441 538 512 sententiam,
553 459 621 497 oum
642 440 746 497 virtute
767 457 927 516 congruere
947 457 1020 496 sem·

228 554 298 614 per3
334 546 439 593 cetera
466 547 573 608 autem,
600 555 664 611 quae
694 535 854 593 secundnm
887 545 1020 593 naturam

228 642 335 705 essent,
350 633 391 691 ita
409 633 516 710 legere,
531 633 557 690 si
570 653 606 690 es
619 633 717 691 virtuti
735 651 795 690 non
816 642 1019 709 repugnarent

196 730 319 793 sQuod
343 749 409 793 cunr
433 730 473 787 ita
493 730 540 798 sit,
561 740 664 806 putant
691 730 817 805 quidam,
839 729 916 787 hano
943 748 1021 787 corn·

227 828 408 904 perationem
428 846 488 884 non
509 837 588 885 reete
610 827 812 899 introductam,
829 846 885 884 neo
902 827 1021 884 omnino

228 924 266 981 de
289 942 325 982 eo
350 943 458 1001 genere
485 923 641 999 quidquam
668 924 894 1002 praeeipiendum
923 924 1020 981 fuisse,

228 1022 327 1100 Atque
355 1021 425 1080 illud
460 1018 576 1098 quidem
611 1022 774 1093 honesturn,
802 1021 879 1096 quod
907 1022 1022 1098 proprie

228 1138 350 1195 vereque
364 1119 480 1190 dieitur,
496 1119 525 1176 id
540 1119 569 1176 in
584 1117 761 1196 sapientibus
774 1128 818 1174 est
832 1118 911 1188 solis,
926 1137 1022 1193 neque

182 1211 213 1261 ¹⁰
229 1215 363 1272 avirtute
376 1215 473 1272 divelli
494 1234 620 1290 unquam
640 1224 751 1290 potest3
773 1213 803 1271 in
819 1212 854 1269 iis
868 1222 979 1285 autem,
994 1213 1022 1270 in

228 1311 332 1386 quibus
351 1312 494 1387 sapientia
513 1311 644 1388 perfecta
671 1330 728 1369 non
755 1321 809 1382 est,
830 1309 924 1386 ipsum
950 1309 1021 1368 illud

228 1408 344 1483 quidem
364 1408 525 1485 perfectum
547 1410 699 1466 honestum
715 1408 796 1465 nullo
809 1408 907 1479 modo,
922 1407 1022 1464 simili·
1042 1430 1044 1432 ’

227 1505 344 1563 tudines
357 1504 472 1564 honesti
486 1525 549 1563 esse
563 1517 692 1581 possunt.

267 1601 341 1661 Haec
362 1603 440 1660 enirn
460 1603 558 1660 omnia
579 1602 684 1675 officia,
699 1597 854 1678 dequibus
873 1601 919 1659 his
938 1601 1024 1660 libris

180 1696 212 1745 ¹5
228 1699 416 1775 disputamus,
438 1700 534 1757 media
555 1699 649 1757 Stoici
671 1699 825 1775 appeliant.
876 1698 920 1756 Ea
942 1718 1024 1757 oom-

227 1794 327 1853 munia
339 1808 416 1867 sunt,
430 1806 459 1853 et
473 1797 531 1854 iate
551 1805 667 1871 patent3
689 1816 752 1871 que
766 1806 796 1853 et
811 1795 922 1872 ingenii
939 1796 1024 1854 boni-

226 1901 286 1947 tate
300 1890 382 1949 multi
403 1901 604 1967 assequuntur,
619 1903 648 1953 et
661 1894 861 1970 progressione
877 1893 1022 1950 discendi.

226 1986 415 2045 Illudautem
436 1988 574 2061 officium,
589 1990 665 2065 quod
687 2000 799 2047 reatum
820 1989 907 2046 iidem
926 1990 1024 2066 appel·

224 2083 297 2155 iant,
307 2082 467 2159 perfectum
484 2095 568 2161 atque
584 2086 746 2145 absolutum
761 2095 814 2157 est,
825 2096 854 2143 et
870 2085 917 2164 (ut
930 2085 1023 2144 iidem

176 2180 211 2228 2⁰
227 2180 342 2261 dicunt)
363 2199 464 2239 omnes
483 2199 622 2240 numeros
642 2183 745 2254 habet3
766 2202 832 2254 neo,
852 2193 957 2258 preter
981 2203 1024 2241 sa·

225 2277 363 2363 piantem,
392 2278 496 2336 eadere
525 2279 554 2336 in
582 2298 754 2355 quemquam
786 2290 886 2357 potest.
941 2280 1022 2338 Cum

225 2385 324 2433 autern
345 2374 452 2450 aliquid
474 2384 572 2432 actum
593 2385 648 2446 est,
669 2377 698 2433 in
720 2395 777 2451 quo
801 2376 897 2435 media
923 2377 1024 2435 officia

223 2481 421 2547 ¹dempturum,
433 2471 462 2529 id
476 2473 624 2530 cumulate
638 2472 750 2530 videtur
764 2493 827 2531 esse
840 2474 1021 2549 perfeetum

224 2574 377 2644 propterea
402 2567 478 2644 quod
506 2568 618 2645 vulgus,
644 2570 713 2644 quid
741 2571 857 2649 absita
879 2571 1022 2646 perfecto,

179 2665 211 2714 ὅ
225 2681 284 2723 non
310 2664 369 2721 sere
397 2662 548 2742 intelligis
577 2666 720 2741 quatenns
748 2677 843 2725 nutem
872 2666 1021 2746 intelligit,

226 2759 298 2817 nihii
318 2770 400 2836 putat
422 2761 655 2837 praetermissum.
696 2764 787 2825 Quod
808 2765 877 2822 item
900 2765 931 2823 in
950 2771 1022 2842 poe-

227 2856 351 2915 matibus
371 2866 401 2914 et
419 2856 541 2933 picturis
561 2878 616 2916 usu
637 2859 724 2931 venit,
746 2859 774 2916 in
799 2860 930 2936 aliisque.
942 2881 1021 2920 corn·

226 2952 365 3031 pluribus,
381 2963 412 3012 ut
432 2954 613 3013 delectentur
634 2955 770 3032 imperiti,
786 2955 966 3034 laudentque
987 2978 1020 3016 ea
