<?xml version="1.0" encoding="UTF-8"?>
<!DOCTYPE html PUBLIC "-//W3C//DTD XHTML 1.0 Transitional//EN"
    "http://www.w3.org/TR/xhtml1/DTD/xhtml1-transitional.dtd">
<html xmlns="http://www.w3.org/1999/xhtml" xml:lang="en" lang="en">
 <head>
  <title>
</title>
<meta http-equiv="Content-Type" content="text/html;charset=utf-8" />
  <meta name='ocr-system' content='tesseract 3.04.00' />
  <meta name='ocr-capabilities' content='ocr_page ocr_carea ocr_par ocr_line ocrx_word'/>
</head>
<body>
  <div class='ocr_page' id='page_1' title='image "./mtciceronisdeof04cicegoog/mtciceronisdeof04cicegoog_0073.png"; bbox 0 0 2200 3492; ppageno 0'>
   <div class='ocr_carea' id='block_1_1' title="bbox 88 194 933 260">
    <p class='ocr_par' dir='ltr' id='par_1_1' title="bbox 88 194 933 260">
     <span class='ocr_line' id='line_1_1' title="bbox 88 194 933 260; baseline 0.005 -13"><span class='ocrx_word' id='word_1_1' title='bbox 88 200 161 260; x_wconf 69' lang='grc' dir='ltr'>ω]</span> <span class='ocrx_word' id='word_1_2' title='bbox 389 203 432 249; x_wconf 80' lang='lat' dir='ltr'>or:</span> <span class='ocrx_word' id='word_1_3' title='bbox 452 203 597 249; x_wconf 80' lang='lat' dir='ltr'>urricus.</span> <span class='ocrx_word' id='word_1_4' title='bbox 893 194 933 253; x_wconf 78' lang='lat'>57</span> 
     </span>
    </p>
   </div>
   <div class='ocr_carea' id='block_1_2' title="bbox 89 349 936 2939">
    <p class='ocr_par' dir='ltr' id='par_1_2' title="bbox 89 349 932 1297">
     <span class='ocr_line' id='line_1_2' title="bbox 129 349 875 427; baseline 0.003 -20"><span class='ocrx_word' id='word_1_5' title='bbox 129 349 311 407; x_wconf 81' lang='lat' dir='ltr'><strong>Adhibenda</strong></span> <span class='ocrx_word' id='word_1_6' title='bbox 320 361 365 407; x_wconf 88' lang='lat' dir='ltr'>est</span> <span class='ocrx_word' id='word_1_7' title='bbox 375 351 462 427; x_wconf 83' lang='lat' dir='ltr'>igitur</span> <span class='ocrx_word' id='word_1_8' title='bbox 472 352 602 426; x_wconf 75' lang='lat' dir='ltr'>quedam</span> <span class='ocrx_word' id='word_1_9' title='bbox 617 352 778 409; x_wconf 80' lang='lat' dir='ltr'>reverentia</span> <span class='ocrx_word' id='word_1_10' title='bbox 789 351 875 409; x_wconf 84' lang='lat' dir='ltr'>adver</span> 
     </span>
     <span class='ocr_line' id='line_1_3' title="bbox 89 445 884 524; baseline 0.004 -21"><span class='ocrx_word' id='word_1_11' title='bbox 89 465 138 503; x_wconf 88' lang='lat' dir='ltr'>sus</span> <span class='ocrx_word' id='word_1_12' title='bbox 158 445 302 518; x_wconf 84' lang='lat' dir='ltr'>homines,</span> <span class='ocrx_word' id='word_1_13' title='bbox 318 458 347 504; x_wconf 93' lang='lat' dir='ltr'>et</span> <span class='ocrx_word' id='word_1_14' title='bbox 365 448 467 523; x_wconf 88' lang='lat' dir='ltr'>optimi</span> <span class='ocrx_word' id='word_1_15' title='bbox 483 449 634 524; x_wconf 85' lang='lat' dir='ltr'>cujusque,</span> <span class='ocrx_word' id='word_1_16' title='bbox 647 458 677 506; x_wconf 89' lang='lat' dir='ltr'>et</span> <span class='ocrx_word' id='word_1_17' title='bbox 691 448 884 523; x_wconf 86' lang='lat' dir='ltr'>reliquorum:</span> 
     </span>
     <span class='ocr_line' id='line_1_4' title="bbox 89 543 883 620; baseline 0.004 -21"><span class='ocrx_word' id='word_1_18' title='bbox 89 561 157 601; x_wconf 82' lang='lat' dir='ltr'>nam</span> <span class='ocrx_word' id='word_1_19' title='bbox 180 543 342 619; x_wconf 83' lang='lat' dir='ltr'>negligere,</span> <span class='ocrx_word' id='word_1_20' title='bbox 364 544 433 619; x_wconf 89' lang='lat' dir='ltr'>quid</span> <span class='ocrx_word' id='word_1_21' title='bbox 452 544 488 601; x_wconf 91' lang='lat' dir='ltr'>de</span> <span class='ocrx_word' id='word_1_22' title='bbox 507 564 538 603; x_wconf 88' lang='lat' dir='ltr'>se</span> <span class='ocrx_word' id='word_1_23' title='bbox 557 544 678 620; x_wconf 81' lang='lat' dir='ltr'>quisque</span> <span class='ocrx_word' id='word_1_24' title='bbox 696 555 812 615; x_wconf 80' lang='lat' dir='ltr'>sentiat,</span> <span class='ocrx_word' id='word_1_25' title='bbox 826 565 883 602; x_wconf 91' lang='lat' dir='ltr'>non</span> 
     </span>
     <span class='ocr_line' id='line_1_5' title="bbox 90 640 883 716; baseline 0.005 -20"><span class='ocrx_word' id='word_1_26' title='bbox 90 640 185 696; x_wconf 90' lang='lat' dir='ltr'>solum</span> <span class='ocrx_word' id='word_1_27' title='bbox 201 641 363 716; x_wconf 83' lang='lat' dir='ltr'>arrogantis</span> <span class='ocrx_word' id='word_1_28' title='bbox 376 652 429 712; x_wconf 88' lang='lat' dir='ltr'>est,</span> <span class='ocrx_word' id='word_1_29' title='bbox 442 642 491 698; x_wconf 91' lang='lat' dir='ltr'>sed</span> <span class='ocrx_word' id='word_1_30' title='bbox 506 643 593 699; x_wconf 87' lang='lat' dir='ltr'>etiam</span> <span class='ocrx_word' id='word_1_31' title='bbox 609 642 729 699; x_wconf 88' lang='lat' dir='ltr'>omniuo</span> <span class='ocrx_word' id='word_1_32' title='bbox 743 642 883 700; x_wconf 82' lang='lat' dir='ltr'><strong>dissoluti.</strong></span> 
     </span>
     <span class='ocr_line' id='line_1_6' title="bbox 91 736 917 812; baseline 0 -19"><span class='ocrx_word' id='word_1_33' title='bbox 91 736 145 793; x_wconf 84' lang='lat' dir='ltr'>Est</span> <span class='ocrx_word' id='word_1_34' title='bbox 168 747 277 808; x_wconf 84' lang='lat' dir='ltr'>autern,</span> <span class='ocrx_word' id='word_1_35' title='bbox 299 738 376 812; x_wconf 82' lang='lat' dir='ltr'>quod</span> <span class='ocrx_word' id='word_1_36' title='bbox 398 738 520 810; x_wconf 85' lang='lat' dir='ltr'>differat,</span> <span class='ocrx_word' id='word_1_37' title='bbox 542 739 572 795; x_wconf 88' lang='lat' dir='ltr'>iu</span> <span class='ocrx_word' id='word_1_38' title='bbox 598 739 747 795; x_wconf 90' lang='lat' dir='ltr'>hominum</span> <span class='ocrx_word' id='word_1_39' title='bbox 772 739 917 797; x_wconf 87' lang='lat' dir='ltr'>ratione5</span> 
     </span>
     <span class='ocr_line' id='line_1_7' title="bbox 91 833 885 910; baseline 0.003 -20"><span class='ocrx_word' id='word_1_40' title='bbox 91 833 237 904; x_wconf 72' lang='lat' dir='ltr'>habeudd,</span> <span class='ocrx_word' id='word_1_41' title='bbox 260 833 334 891; x_wconf 87' lang='lat' dir='ltr'>iuter</span> <span class='ocrx_word' id='word_1_42' title='bbox 353 834 493 910; x_wconf 85' lang='lat' dir='ltr'>justitiam</span> <span class='ocrx_word' id='word_1_43' title='bbox 514 846 543 893; x_wconf 89' lang='lat' dir='ltr'>et</span> <span class='ocrx_word' id='word_1_44' title='bbox 564 835 777 893; x_wconf 82' lang='lat' dir='ltr'>verecundiam.</span> <span class='ocrx_word' id='word_1_45' title='bbox 820 835 885 892; x_wconf 88' lang='lat' dir='ltr'>Jus-</span> 
     </span>
     <span class='ocr_line' id='line_1_8' title="bbox 91 929 886 1005; baseline 0.004 -20"><span class='ocrx_word' id='word_1_46' title='bbox 91 929 161 987; x_wconf 82' lang='lat' dir='ltr'>titiae</span> <span class='ocrx_word' id='word_1_47' title='bbox 175 939 275 1005; x_wconf 85' lang='lat' dir='ltr'>partes</span> <span class='ocrx_word' id='word_1_48' title='bbox 288 940 365 1001; x_wconf 87' lang='lat' dir='ltr'>sunt,</span> <span class='ocrx_word' id='word_1_49' title='bbox 379 948 438 987; x_wconf 91' lang='lat' dir='ltr'>non</span> <span class='ocrx_word' id='word_1_50' title='bbox 454 930 560 988; x_wconf 86' lang='lat' dir='ltr'>violare</span> <span class='ocrx_word' id='word_1_51' title='bbox 581 932 727 1002; x_wconf 81' lang='lat' dir='ltr'>homines3</span> <span class='ocrx_word' id='word_1_52' title='bbox 748 951 886 989; x_wconf 82' lang='lat' dir='ltr'>verecun-</span> 
     </span>
     <span class='ocr_line' id='line_1_9' title="bbox 91 1024 884 1103; baseline 0.005 -23"><span class='ocrx_word' id='word_1_53' title='bbox 91 1025 156 1095; x_wconf 77' lang='lat' dir='ltr'>diae,</span> <span class='ocrx_word' id='word_1_54' title='bbox 171 1042 233 1082; x_wconf 88' lang='lat' dir='ltr'>non</span> <span class='ocrx_word' id='word_1_55' title='bbox 254 1025 418 1083; x_wconf 86' lang='lat' dir='ltr'>offendere:</span> <span class='ocrx_word' id='word_1_56' title='bbox 440 1027 470 1083; x_wconf 89' lang='lat' dir='ltr'>in</span> <span class='ocrx_word' id='word_1_57' title='bbox 490 1046 547 1102; x_wconf 91' lang='lat' dir='ltr'>quo</span> <span class='ocrx_word' id='word_1_58' title='bbox 567 1027 690 1085; x_wconf 81' lang='lat' dir='ltr'>maxime</span> <span class='ocrx_word' id='word_1_59' title='bbox 710 1024 884 1103; x_wconf 73' lang='lat' dir='ltr'>perspicitur</span> 
     </span>
     <span class='ocr_line' id='line_1_10' title="bbox 92 1121 883 1200; baseline 0.005 -23"><span class='ocrx_word' id='word_1_60' title='bbox 92 1121 132 1178; x_wconf 84' lang='lat' dir='ltr'>ris</span> <span class='ocrx_word' id='word_1_61' title='bbox 157 1122 269 1183; x_wconf 80' lang='lat' dir='ltr'>decori,</span> <span class='ocrx_word' id='word_1_62' title='bbox 313 1122 368 1178; x_wconf 88' lang='lat' dir='ltr'>His</span> <span class='ocrx_word' id='word_1_63' title='bbox 392 1123 480 1200; x_wconf 86' lang='lat' dir='ltr'>igitur</span> <span class='ocrx_word' id='word_1_64' title='bbox 504 1124 649 1200; x_wconf 84' lang='lat' dir='ltr'>expositis,</span> <span class='ocrx_word' id='word_1_65' title='bbox 674 1125 758 1200; x_wconf 80' lang='lat' dir='ltr'>quale</span> <span class='ocrx_word' id='word_1_66' title='bbox 782 1125 819 1181; x_wconf 85' lang='lat' dir='ltr'>sit</span> <span class='ocrx_word' id='word_1_67' title='bbox 843 1125 883 1198; x_wconf 87' lang='lat' dir='ltr'>id,</span> 
     </span>
     <span class='ocr_line' id='line_1_11' title="bbox 91 1218 932 1297; baseline 0.002 -23"><span class='ocrx_word' id='word_1_68' title='bbox 91 1219 168 1294; x_wconf 85' lang='lat' dir='ltr'>quod</span> <span class='ocrx_word' id='word_1_69' title='bbox 183 1220 292 1275; x_wconf 80' lang='lat' dir='ltr'>decere</span> <span class='ocrx_word' id='word_1_70' title='bbox 306 1218 439 1290; x_wconf 80' lang='lat' dir='ltr'>dicimus,</span> <span class='ocrx_word' id='word_1_71' title='bbox 455 1219 633 1279; x_wconf 89' lang='lat' dir='ltr'>intellectum</span> <span class='ocrx_word' id='word_1_72' title='bbox 647 1233 725 1297; x_wconf 91' lang='lat' dir='ltr'>puto.</span> <span class='ocrx_word' id='word_1_73' title='bbox 901 1228 932 1276; x_wconf 87' lang='lat'>10</span> 
     </span>
    </p>

    <p class='ocr_par' dir='ltr' id='par_1_3' title="bbox 91 1315 936 2939">
     <span class='ocr_line' id='line_1_12' title="bbox 129 1315 885 1393; baseline 0.003 -21"><span class='ocrx_word' id='word_1_74' title='bbox 129 1315 272 1373; x_wconf 86' lang='lat' dir='ltr'>Officium</span> <span class='ocrx_word' id='word_1_75' title='bbox 289 1325 394 1386; x_wconf 83' lang='lat' dir='ltr'>autem,</span> <span class='ocrx_word' id='word_1_76' title='bbox 409 1316 483 1391; x_wconf 94' lang='lat' dir='ltr'>quod</span> <span class='ocrx_word' id='word_1_77' title='bbox 499 1317 724 1389; x_wconf 67' lang='lat' dir='ltr'>deonacum,</span> <span class='ocrx_word' id='word_1_78' title='bbox 739 1317 814 1374; x_wconf 83' lang='lat' dir='ltr'>hanc</span> <span class='ocrx_word' id='word_1_79' title='bbox 828 1317 885 1393; x_wconf 87' lang='lat' dir='ltr'>pri·</span> 
     </span>
     <span class='ocr_line' id='line_1_13' title="bbox 91 1412 885 1487; baseline 0.003 -18"><span class='ocrx_word' id='word_1_80' title='bbox 91 1431 167 1470; x_wconf 86' lang='lat' dir='ltr'>mam</span> <span class='ocrx_word' id='word_1_81' title='bbox 190 1412 280 1470; x_wconf 84' lang='lat' dir='ltr'>habet</span> <span class='ocrx_word' id='word_1_82' title='bbox 293 1412 378 1484; x_wconf 73' lang='lat' dir='ltr'>vinu,</span> <span class='ocrx_word' id='word_1_83' title='bbox 392 1431 454 1487; x_wconf 87' lang='lat' dir='ltr'>quae</span> <span class='ocrx_word' id='word_1_84' title='bbox 469 1413 587 1470; x_wconf 76' lang='lat' dir='ltr'><strong>deducit</strong></span> <span class='ocrx_word' id='word_1_85' title='bbox 603 1414 638 1470; x_wconf 84' lang='lat' dir='ltr'>ad</span> <span class='ocrx_word' id='word_1_86' title='bbox 653 1414 885 1471; x_wconf 78' lang='lat' dir='ltr'>convenientiam</span> 
     </span>
     <span class='ocr_line' id='line_1_14' title="bbox 93 1509 885 1586; baseline 0 -20"><span class='ocrx_word' id='word_1_87' title='bbox 93 1509 401 1584; x_wconf 76' lang='lat' dir='ltr'>conservationemque</span> <span class='ocrx_word' id='word_1_88' title='bbox 421 1520 546 1580; x_wconf 80' lang='lat' dir='ltr'>naturae;</span> <span class='ocrx_word' id='word_1_89' title='bbox 576 1509 709 1586; x_wconf 81' lang='lat' dir='ltr'>quamsi</span> <span class='ocrx_word' id='word_1_90' title='bbox 733 1528 885 1585; x_wconf 86' lang='lat' dir='ltr'>sequemur</span> 
     </span>
     <span class='ocr_line' id='line_1_15' title="bbox 92 1606 885 1682; baseline 0 -18"><span class='ocrx_word' id='word_1_91' title='bbox 92 1609 209 1678; x_wconf 88' lang='lat' dir='ltr'>ducem,</span> <span class='ocrx_word' id='word_1_92' title='bbox 225 1625 372 1681; x_wconf 88' lang='lat' dir='ltr'>nunquam</span> <span class='ocrx_word' id='word_1_93' title='bbox 385 1606 597 1664; x_wconf 78' lang='lat' dir='ltr'>aberrabimus:</span> <span class='ocrx_word' id='word_1_94' title='bbox 618 1625 885 1682; x_wconf 83' lang='lat' dir='ltr'>consequemurque</span> 
     </span>
     <span class='ocr_line' id='line_1_16' title="bbox 92 1703 933 1779; baseline -0.004 -18"><span class='ocrx_word' id='word_1_95' title='bbox 92 1715 120 1761; x_wconf 90' lang='lat' dir='ltr'>et</span> <span class='ocrx_word' id='word_1_96' title='bbox 134 1704 164 1761; x_wconf 92' lang='lat' dir='ltr'>id</span> <span class='ocrx_word' id='word_1_97' title='bbox 177 1703 257 1779; x_wconf 82' lang='lat' dir='ltr'>quod</span> <span class='ocrx_word' id='word_1_98' title='bbox 275 1715 390 1761; x_wconf 82' lang='lat' dir='ltr'>acutum</span> <span class='ocrx_word' id='word_1_99' title='bbox 412 1713 442 1760; x_wconf 88' lang='lat' dir='ltr'>et</span> <span class='ocrx_word' id='word_1_100' title='bbox 462 1703 614 1779; x_wconf 78' lang='lat' dir='ltr'>perspicax</span> <span class='ocrx_word' id='word_1_101' title='bbox 626 1705 731 1761; x_wconf 70' lang='lat' dir='ltr'>naturd</span> <span class='ocrx_word' id='word_1_102' title='bbox 744 1714 798 1774; x_wconf 89' lang='lat' dir='ltr'>est,</span> <span class='ocrx_word' id='word_1_103' title='bbox 813 1718 842 1761; x_wconf 90' lang='lat' dir='ltr'>et</span> <span class='ocrx_word' id='word_1_104' title='bbox 856 1703 885 1760; x_wconf 93' lang='lat' dir='ltr'>id</span> <span class='ocrx_word' id='word_1_105' title='bbox 902 1711 933 1758; x_wconf 87' lang='lat'>15</span> 
     </span>
     <span class='ocr_line' id='line_1_17' title="bbox 92 1798 886 1876; baseline 0.001 -20"><span class='ocrx_word' id='word_1_106' title='bbox 92 1799 169 1876; x_wconf 92' lang='lat' dir='ltr'>quod</span> <span class='ocrx_word' id='word_1_107' title='bbox 193 1799 229 1856; x_wconf 87' lang='lat' dir='ltr'>ad</span> <span class='ocrx_word' id='word_1_108' title='bbox 252 1798 403 1856; x_wconf 84' lang='lat' dir='ltr'>hominum</span> <span class='ocrx_word' id='word_1_109' title='bbox 422 1799 669 1859; x_wconf 82' lang='lat' dir='ltr'>consociationem</span> <span class='ocrx_word' id='word_1_110' title='bbox 687 1800 886 1857; x_wconf 84' lang='lat' dir='ltr'>accommoda·</span> 
     </span>
     <span class='ocr_line' id='line_1_18' title="bbox 92 1878 885 1973; baseline 0 -19"><span class='ocrx_word' id='word_1_111' title='bbox 92 1908 163 1967; x_wconf 86' lang='lat' dir='ltr'>turn,</span> <span class='ocrx_word' id='word_1_112' title='bbox 193 1906 224 1952; x_wconf 91' lang='lat' dir='ltr'>et</span> <span class='ocrx_word' id='word_1_113' title='bbox 251 1895 283 1952; x_wconf 92' lang='lat' dir='ltr'>id</span> <span class='ocrx_word' id='word_1_114' title='bbox 308 1896 383 1970; x_wconf 89' lang='lat' dir='ltr'>quod</span> <span class='ocrx_word' id='word_1_115' title='bbox 410 1897 566 1953; x_wconf 85' lang='lat' dir='ltr'>vehemens</span> <span class='ocrx_word' id='word_1_116' title='bbox 590 1906 675 1973; x_wconf 81' lang='lat' dir='ltr'>atque</span> <span class='ocrx_word' id='word_1_117' title='bbox 693 1878 783 1954; x_wconf 64' lang='lat' dir='ltr'>torte.</span> <span class='ocrx_word' id='word_1_118' title='bbox 826 1897 885 1953; x_wconf 85' lang='lat' dir='ltr'>Sed</span> 
     </span>
     <span class='ocr_line' id='line_1_19' title="bbox 93 1991 886 2069; baseline -0.001 -18"><span class='ocrx_word' id='word_1_119' title='bbox 93 1994 228 2051; x_wconf 84' lang='lat' dir='ltr'>maxima·</span> <span class='ocrx_word' id='word_1_120' title='bbox 241 1992 283 2051; x_wconf 85' lang='lat' dir='ltr'>vis</span> <span class='ocrx_word' id='word_1_121' title='bbox 304 1991 402 2050; x_wconf 89' lang='lat' dir='ltr'>decori</span> <span class='ocrx_word' id='word_1_122' title='bbox 424 1992 454 2050; x_wconf 88' lang='lat' dir='ltr'>in</span> <span class='ocrx_word' id='word_1_123' title='bbox 479 1993 534 2051; x_wconf 83' lang='lat' dir='ltr'>hac</span> <span class='ocrx_word' id='word_1_124' title='bbox 559 1993 633 2050; x_wconf 87' lang='lat' dir='ltr'>inest</span> <span class='ocrx_word' id='word_1_125' title='bbox 655 2004 747 2069; x_wconf 84' lang='lat' dir='ltr'>parte,</span> <span class='ocrx_word' id='word_1_126' title='bbox 772 1993 808 2050; x_wconf 88' lang='lat' dir='ltr'>de</span> <span class='ocrx_word' id='word_1_127' title='bbox 828 1994 886 2068; x_wconf 71' lang='lat' dir='ltr'>qud</span> 
     </span>
     <span class='ocr_line' id='line_1_20' title="bbox 94 2087 874 2166; baseline 0 -19"><span class='ocrx_word' id='word_1_128' title='bbox 94 2090 283 2166; x_wconf 81' lang='lat' dir='ltr'>disputamus.</span> <span class='ocrx_word' id='word_1_129' title='bbox 325 2087 436 2163; x_wconf 77' lang='lat' dir='ltr'>Neque·</span> <span class='ocrx_word' id='word_1_130' title='bbox 458 2089 544 2163; x_wconf 39' lang='lat' dir='ltr'>enim,</span> <span class='ocrx_word' id='word_1_131' title='bbox 561 2090 653 2147; x_wconf 83' lang='lat' dir='ltr'>solum</span> <span class='ocrx_word' id='word_1_132' title='bbox 676 2090 815 2165; x_wconf 89' lang='lat' dir='ltr'>corporis,</span> <span class='ocrx_word' id='word_1_133' title='bbox 836 2109 874 2164; x_wconf 90' lang='lat' dir='ltr'>qu</span> 
     </span>
     <span class='ocr_line' id='line_1_21' title="bbox 95 2186 934 2262; baseline -0.002 -15"><span class='ocrx_word' id='word_1_134' title='bbox 95 2189 128 2247; x_wconf 81' lang='lat' dir='ltr'>ad</span> <span class='ocrx_word' id='word_1_135' title='bbox 150 2197 287 2244; x_wconf 86' lang='lat' dir='ltr'>naturam</span> <span class='ocrx_word' id='word_1_136' title='bbox 310 2186 369 2261; x_wconf 82' lang='lat' dir='ltr'>epti</span> <span class='ocrx_word' id='word_1_137' title='bbox 392 2196 469 2258; x_wconf 88' lang='lat' dir='ltr'>sunt,</span> <span class='ocrx_word' id='word_1_138' title='bbox 491 2186 543 2243; x_wconf 84' lang='lat' dir='ltr'>sed</span> <span class='ocrx_word' id='word_1_139' title='bbox 570 2186 660 2245; x_wconf 90' lang='lat' dir='ltr'>multo</span> <span class='ocrx_word' id='word_1_140' title='bbox 681 2187 768 2244; x_wconf 84' lang='lat' dir='ltr'>etiam</span> <span class='ocrx_word' id='word_1_141' title='bbox 794 2187 886 2262; x_wconf 82' lang='lat' dir='ltr'>magis</span> <span class='ocrx_word' id='word_1_142' title='bbox 901 2198 934 2245; x_wconf 76' lang='lat'>20</span> 
     </span>
     <span class='ocr_line' id='line_1_22' title="bbox 95 2283 887 2358; baseline -0.004 -16"><span class='ocrx_word' id='word_1_143' title='bbox 95 2285 183 2342; x_wconf 82' lang='lat' dir='ltr'>animi</span> <span class='ocrx_word' id='word_1_144' title='bbox 205 2294 299 2342; x_wconf 88' lang='lat' dir='ltr'>motus</span> <span class='ocrx_word' id='word_1_145' title='bbox 318 2283 470 2358; x_wconf 80' lang='lat' dir='ltr'>probandi,</span> <span class='ocrx_word' id='word_1_146' title='bbox 485 2283 534 2357; x_wconf 92' lang='lat' dir='ltr'>qui</span> <span class='ocrx_word' id='word_1_147' title='bbox 555 2283 623 2339; x_wconf 90' lang='lat' dir='ltr'>item</span> <span class='ocrx_word' id='word_1_148' title='bbox 640 2283 675 2340; x_wconf 83' lang='lat' dir='ltr'>ad</span> <span class='ocrx_word' id='word_1_149' title='bbox 693 2295 825 2341; x_wconf 82' lang='lat' dir='ltr'>naturam</span> <span class='ocrx_word' id='word_1_150' title='bbox 841 2302 887 2339; x_wconf 87' lang='lat' dir='ltr'>ac·</span> 
     </span>
     <span class='ocr_line' id='line_1_23' title="bbox 95 2366 886 2455; baseline -0.004 -15"><span class='ocrx_word' id='word_1_151' title='bbox 95 2380 268 2440; x_wconf 84' lang='lat' dir='ltr'>commodati</span> <span class='ocrx_word' id='word_1_152' title='bbox 276 2366 356 2436; x_wconf 72' lang='lat' dir='ltr'>sunt.</span> <span class='ocrx_word' id='word_1_153' title='bbox 391 2379 506 2455; x_wconf 82' lang='lat' dir='ltr'>Duplex</span> <span class='ocrx_word' id='word_1_154' title='bbox 517 2390 560 2436; x_wconf 87' lang='lat' dir='ltr'>est</span> <span class='ocrx_word' id='word_1_155' title='bbox 571 2379 649 2436; x_wconf 89' lang='lat' dir='ltr'>enim</span> <span class='ocrx_word' id='word_1_156' title='bbox 659 2379 702 2436; x_wconf 88' lang='lat' dir='ltr'>vis</span> <span class='ocrx_word' id='word_1_157' title='bbox 714 2380 886 2450; x_wconf 84' lang='lat' dir='ltr'>animorum,</span> 
     </span>
     <span class='ocr_line' id='line_1_24' title="bbox 97 2475 887 2553; baseline -0.004 -18"><span class='ocrx_word' id='word_1_158' title='bbox 97 2489 180 2553; x_wconf 83' lang='lat' dir='ltr'>atque</span> <span class='ocrx_word' id='word_1_159' title='bbox 202 2486 331 2534; x_wconf 80' lang='lat' dir='ltr'>naturae:</span> <span class='ocrx_word' id='word_1_160' title='bbox 360 2494 419 2532; x_wconf 86' lang='lat' dir='ltr'>una</span> <span class='ocrx_word' id='word_1_161' title='bbox 440 2494 506 2551; x_wconf 82' lang='lat' dir='ltr'>pars</span> <span class='ocrx_word' id='word_1_162' title='bbox 528 2475 558 2532; x_wconf 87' lang='lat' dir='ltr'>iu</span> <span class='ocrx_word' id='word_1_163' title='bbox 581 2475 707 2552; x_wconf 84' lang='lat' dir='ltr'>appetitu</span> <span class='ocrx_word' id='word_1_164' title='bbox 729 2476 824 2550; x_wconf 86' lang='lat' dir='ltr'>posita</span> <span class='ocrx_word' id='word_1_165' title='bbox 843 2487 887 2532; x_wconf 89' lang='lat' dir='ltr'>est</span> 
     </span>
     <span class='ocr_line' id='line_1_25' title="bbox 98 2571 887 2652; baseline -0.003 -21"><span class='ocrx_word' id='word_1_166' title='bbox 98 2573 172 2650; x_wconf 77' lang='lat' dir='ltr'><strong>(quae</strong></span> <span class='ocrx_word' id='word_1_167' title='bbox 196 2583 241 2630; x_wconf 85' lang='lat' dir='ltr'>est</span> <span class='ocrx_word' id='word_1_168' title='bbox 264 2574 361 2644; x_wconf 66' lang='grc' dir='ltr'>’09μή</span> <span class='ocrx_word' id='word_1_169' title='bbox 385 2572 513 2652; x_wconf 79' lang='lat' dir='ltr'>Grrece),</span> <span class='ocrx_word' id='word_1_170' title='bbox 528 2592 591 2647; x_wconf 85' lang='lat' dir='ltr'>quae</span> <span class='ocrx_word' id='word_1_171' title='bbox 613 2571 758 2629; x_wconf 88' lang='lat' dir='ltr'>homiuem</span> <span class='ocrx_word' id='word_1_172' title='bbox 781 2573 838 2633; x_wconf 76' lang='lat' dir='ltr'>huc</span> <span class='ocrx_word' id='word_1_173' title='bbox 858 2582 887 2629; x_wconf 87' lang='lat' dir='ltr'>et</span> 
     </span>
     <span class='ocr_line' id='line_1_26' title="bbox 98 2668 936 2744; baseline -0.001 -19"><span class='ocrx_word' id='word_1_174' title='bbox 98 2670 164 2729; x_wconf 87' lang='lat' dir='ltr'>illuc</span> <span class='ocrx_word' id='word_1_175' title='bbox 179 2670 271 2744; x_wconf 83' lang='lat' dir='ltr'>rapit3</span> <span class='ocrx_word' id='word_1_176' title='bbox 295 2668 385 2724; x_wconf 82' lang='lat' dir='ltr'>altera</span> <span class='ocrx_word' id='word_1_177' title='bbox 406 2668 437 2725; x_wconf 86' lang='lat' dir='ltr'>in</span> <span class='ocrx_word' id='word_1_178' title='bbox 457 2669 580 2740; x_wconf 83' lang='lat' dir='ltr'>ratione,</span> <span class='ocrx_word' id='word_1_179' title='bbox 597 2688 659 2743; x_wconf 83' lang='lat' dir='ltr'>quae</span> <span class='ocrx_word' id='word_1_180' title='bbox 680 2669 766 2725; x_wconf 88' lang='lat' dir='ltr'>docet</span> <span class='ocrx_word' id='word_1_181' title='bbox 788 2679 817 2725; x_wconf 88' lang='lat' dir='ltr'>et</span> <span class='ocrx_word' id='word_1_182' title='bbox 841 2687 887 2724; x_wconf 86' lang='lat' dir='ltr'>ex·</span> <span class='ocrx_word' id='word_1_183' title='bbox 902 2676 936 2724; x_wconf 79' lang='lat'>25</span> 
     </span>
     <span class='ocr_line' id='line_1_27' title="bbox 97 2764 887 2842; baseline 0 -20"><span class='ocrx_word' id='word_1_184' title='bbox 97 2767 202 2841; x_wconf 83' lang='lat' dir='ltr'>planat,</span> <span class='ocrx_word' id='word_1_185' title='bbox 217 2765 289 2841; x_wconf 91' lang='lat' dir='ltr'>quid</span> <span class='ocrx_word' id='word_1_186' title='bbox 303 2764 469 2823; x_wconf 80' lang='lat' dir='ltr'>faciendum</span> <span class='ocrx_word' id='word_1_187' title='bbox 484 2765 689 2842; x_wconf 81' lang='lat' dir='ltr'>fugiendumve</span> <span class='ocrx_word' id='word_1_188' title='bbox 703 2765 748 2824; x_wconf 89' lang='lat' dir='ltr'>sit.</span> <span class='ocrx_word' id='word_1_189' title='bbox 790 2764 836 2822; x_wconf 74' lang='lat' dir='ltr'>Ite</span> <span class='ocrx_word' id='word_1_190' title='bbox 846 2764 887 2837; x_wconf 87' lang='lat' dir='ltr'>fit,</span> 
     </span>
     <span class='ocr_line' id='line_1_28' title="bbox 99 2861 694 2939; baseline -0.002 -19"><span class='ocrx_word' id='word_1_191' title='bbox 99 2872 128 2920; x_wconf 91' lang='lat' dir='ltr'>ut</span> <span class='ocrx_word' id='word_1_192' title='bbox 140 2863 214 2922; x_wconf 84' lang='lat' dir='ltr'>ratio</span> <span class='ocrx_word' id='word_1_193' title='bbox 228 2862 337 2939; x_wconf 81' lang='lat' dir='ltr'>praesit,</span> <span class='ocrx_word' id='word_1_194' title='bbox 353 2861 494 2938; x_wconf 84' lang='lat' dir='ltr'>appetitus</span> <span class='ocrx_word' id='word_1_195' title='bbox 507 2863 694 2938; x_wconf 85' lang='lat' dir='ltr'>obtemperet.</span> 
     </span>
    </p>
   </div>
   <div class='ocr_carea' id='block_1_3' title="bbox 0 0 1117 3492">
    <p class='ocr_par' dir='ltr' id='par_1_4' title="bbox 0 0 1117 3492">
     <span class='ocr_line' id='line_1_29' title="bbox 0 0 1117 3492; baseline 0 0"><span class='ocrx_word' id='word_1_196' title='bbox 0 0 1117 3492; x_wconf 95' lang='lat' dir='ltr'> </span> 
     </span>
    </p>
   </div>
  </div>
 </body>
</html>
