2200 3492
174 226 229 287 164
505 241 548 287 un
569 240 718 287 osricus.
915 238 1008 300 [utu.

218 407 286 445 cum
306 387 403 447 Persis
427 389 489 461 fuit,
509 390 583 447 dixit
609 389 640 447 in
667 388 821 459 concione,
842 406 874 445 se
901 387 1010 445 habere

219 484 373 542 consilium
393 486 559 562 reipubiicae
579 487 712 557 salutare,
727 485 778 543 sed
795 484 825 542 id
845 485 915 542 sciri
936 504 1010 561 opus

219 600 276 638 non
292 600 362 639 esse.
404 581 572 654 Postulavit,
587 593 619 641 ut
633 583 757 657 aliquem
772 581 896 658 populus
917 582 1007 652 daret,

175 698 176 703 ¹
218 678 335 752 quicum
372 678 616 736 communicaret:
654 679 737 736 datus
773 688 818 735 est
853 669 1006 737 Aristides.

184 773 297 831 trHuic
318 775 376 846 ilie,
398 775 519 832 classem
540 775 835 847 Lacedaemoniorum,
857 794 920 849 quar
942 777 1008 833 sub-

217 869 404 929 ducta‘esset
426 871 461 929 ad
480 872 636 947 Gytheum,
658 872 732 930 clam
760 871 878 929 incendi
904 891 1006 948 posse3

216 986 274 1042 quo
289 967 366 1029 factu
387 968 480 1045 frangi
500 968 787 1026 Lacedaemoniorum
802 987 871 1044 opes
885 987 1007 1026 necesse

215 1074 298 1121 esset.
340 1063 431 1125 Quod
455 1064 600 1121 Aristides
627 1080 694 1121 curn
722 1063 858 1135 audisset,
880 1065 909 1122 in
937 1083 1007 1123 ceu·

216 1158 330 1216 cionem
357 1160 466 1238 magnri'
496 1161 711 1236 exspectatione
736 1160 831 1230 venit;
865 1161 1005 1237 dixitque,

171 1265 200 1315 ,0
214 1255 336 1329 perutile
363 1275 426 1312 esse
448 1256 611 1327 consilium,
633 1256 710 1332 quod
730 1257 946 1315 Themistocles
967 1259 1007 1316 as·
1065 1306 1071 1321 ,

215 1349 311 1422 ferret,
327 1351 378 1408 sed
391 1352 510 1409 minime
528 1351 689 1411 honestum.
731 1353 832 1429 Itaque
846 1353 1007 1411 Athenien·
1054 1398 1056 1400 -

214 1462 270 1518 ses,
286 1448 365 1523 *quod
387 1448 538 1506 honestum
560 1468 619 1506 uon
639 1461 725 1521 esset,
745 1450 774 1507 id
795 1469 832 1507 ne
853 1450 923 1507 utile
944 1451 1006 1525 qui·

215 1543 280 1601 dem
301 1554 489 1620 putaverunt:
514 1554 661 1621 totamque
682 1558 838 1618 eam-rem,
860 1565 946 1622 quam
967 1566 1005 1604 ne

216 1639 366 1698 audierant
390 1641 516 1716 quidem,
538 1653 657 1700 auctore
677 1642 815 1714 Aristide,
837 1643 1006 1719 repudiave-

169 1750 199 1799 15
214 1746 289 1794 runt.
332 1736 440 1794 Melius
460 1737 500 1809 hi,
521 1757 605 1814 quam
626 1758 688 1809 nos,
705 1739 754 1814 qui
773 1739 881 1815 piratas
902 1739 1006 1798 immu-

214 1850 276 1905 nes,
291 1834 385 1893 socios
400 1834 564 1911 vectigales,
579 1835 726 1893 habemus.
775 1886 777 1893 s

252 2024 324 2085 XII.
346 2024 467 2085 Maneat
491 2045 572 2106 ergo,
593 2029 670 2104 quod
696 2038 779 2105 turpe
806 2029 853 2100 sit,
875 2029 904 2086 id
931 2048 1005 2087 nun·

212 2140 297 2197 quam
318 2116 381 2180 esse
402 2123 481 2195 utile,
496 2144 534 2181 ne
555 2136 615 2182 tum
636 2126 763 2201 quidem,
782 2143 849 2182 cum
870 2125 909 2196 id,
925 2127 1004 2200 quod

213 2237 276 2275 esse
296 2220 367 2277 utile
386 2231 480 2296 putes,
501 2222 668 2297 adipiscare.
710 2221 875 2279 Hoorenim
895 2222 1002 2298 ipsum,

165 2327 197 2377 20
212 2315 282 2374 utile
295 2327 396 2392 putare
410 2317 485 2393 qued
500 2327 582 2393 turpe
596 2319 642 2389 sit,
658 2319 856 2376 calamitosum
871 2328 923 2377 est.
939 2319 942 2323 ’

253 2414 311 2471 Sed
326 2414 459 2472 incidunt
474 2412 620 2491 (utsupra
634 2414 708 2494 dixi)
723 2435 798 2491 saepe
813 2434 917 2487 causae,
933 2435 1003 2474 cum

212 2527 372 2586 repugnare
394 2510 502 2567 utilitas
516 2511 660 2569 honestati
680 2512 807 2581 videtur3
828 2522 860 2568 ut
875 2512 1004 2570 animad-

212 2604 378 2662 vertendum
400 2606 447 2678 sit,
462 2617 642 2683 repugnetne
661 2608 756 2684 plane,
772 2628 808 2665 an
828 2608 919 2685 possit
933 2628 1002 2667 cum

212 2696 360 2758 honestate
375 2702 521 2779 conjungi.
564 2703 635 2779 Ejus
648 2705 762 2780 generis
777 2705 820 2761 hae
834 2715 901 2762 sunt
910 2724 1003 2781 qures·

163 2809 195 2859 25
211 2794 322 2853 tiones:
351 2797 384 2854 Si
405 2795 541 2874 (exempli
569 2800 675 2880 gratie)
697 2800 853 2857 virbonus
875 2800 1004 2859 Alexan·

212 2891 274 2949 dria
295 2890 434 2949 Rhodum
457 2912 594 2971 magnum
619 2894 754 2952 frumenti
779 2914 930 2952 numerum
954 2898 1002 2955 ad·

212 2988 320 3046 vexerit
334 2988 365 3045 in
379 2987 562 3047 Rhodiorum
576 2991 673 3067 inopie
687 3001 717 3049 et
731 2992 815 3064 same,
830 2992 1002 3069 summique
