2200 3492
205 207 276 266 122·
529 216 583 262 nn
605 214 751 262 ornans.
962 213 1004 274 [ι.
1013 214 1046 260 ιι.
1082 156 1083 171 ἶ

250 364 368 423 functus
387 373 447 423 est:
475 364 582 423 deinde
602 364 637 422 C.
658 362 810 435 Claudius,
831 362 920 439 Appii
948 362 1045 420 filius:

250 461 333 520 multi
353 474 427 539 post,
448 461 576 533 Luculli,
598 460 783 532 Hortensius,
806 461 931 521 Silanus.
974 458 1047 517 Orn-

249 577 302 616 nes
323 569 419 616 autem
439 559 471 615 P.
486 557 638 628 Lentulus,
660 576 706 613 rue
726 556 856 628 consule,
871 556 942 612 vicit
962 576 1047 633 supe

249 656 349 714 riores.
399 654 489 712 Hunc
515 665 561 712 est
587 654 716 711 Scaurus
743 653 879 711 imitatus.
928 652 1047 730 Magni·

218 758 235 806 5
250 752 437 810 licentissime
446 770 514 810 vero
528 752 619 809 nostri
634 749 764 826 Pompeii
779 769 900 809 munera
913 750 1046 807 secundo

250 848 420 907 consulatu:
442 848 471 905 in
483 848 587 925 quibus
597 846 742 918 omnibus,
753 845 821 922 quid
837 846 908 903 mihi
918 847 1046 921 placeat,

249 947 339 1003 vides.
383 996 387 1003 .
668 955 671 959 ’
849 952 853 957 ’

291 1138 391 1197 XVII.
421 1136 548 1197 Vitanda
570 1147 666 1195 tamen
689 1147 732 1194 est
757 1136 884 1212 suspicio
908 1138 1045 1194 avaritiae.

252 1235 413 1308 Mamerco,
428 1235 539 1292 homini
560 1235 712 1305 ditissimo,
732 1235 937 1310 praetermissio
957 1234 1048 1291 aedili·

205 1353 238 1404 ιο
252 1332 320 1392 tatis
340 1331 507 1390 consulatus
526 1332 670 1407 repulsam
693 1331 812 1388 attulit'
836 1329 940 1392 Quare
960 1340 1003 1402 et,
1023 1331 1046 1388 si

251 1430 414 1508 postulatur
433 1450 450 1488 a
469 1428 587 1504 populo,
609 1428 694 1484 bonis
714 1427 781 1484 viris
802 1427 826 1484 si
846 1447 905 1484 non
932 1423 1047 1487 desida-

251 1525 393 1599 rantibus,
409 1536 534 1583 attamen
558 1523 790 1600 approbantibus,
806 1524 972 1581 faciendum
993 1535 1047 1591 est,

252 1624 340 1682 modo
359 1642 412 1698 pro
433 1622 634 1691 facultatibus3
655 1639 710 1677 nos
730 1620 785 1696 ipsi
799 1633 830 1677 ut
845 1620 986 1678 fecimus:
1009 1631 1047 1688 ct,

231 1754 234 1757 ·
252 1720 395 1794 siquando
415 1719 511 1794 aliqua
530 1737 578 1774 res
597 1718 688 1794 major
702 1723 787 1792 atque
801 1717 899 1774 utilior
912 1718 1047 1793 populari

208 1823 238 1873 15
252 1816 406 1892 largitione
420 1814 595 1889 acquiritur3
616 1824 648 1871 ut
660 1813 759 1871 Oresti
772 1833 864 1889 nuper
879 1815 1006 1889 prandia
1019 1814 1047 1871 in

252 1910 373 1979 semitis,
388 1910 519 1966 decumae
536 1909 667 1980 nomine,
682 1927 788 1984 magno
801 1908 904 1965 honori
919 1909 1046 1973 fuerunt

252 2004 301 2063 Ne
323 2005 363 2062 M.
386 2006 503 2080 quidem
524 2006 595 2062 Seio
616 2005 685 2062 vitio
706 2005 804 2062 datum
828 2016 882 2074 est,
904 2005 997 2079 quod,
1019 2006 1047 2063 in

255 2100 406 2182 [annonae]
432 2102 564 2174 caritate,
590 2120 651 2160 asse
676 2101 804 2159 modium
828 2103 932 2177 populo
958 2102 1047 2159 dedit

254 2198 364 2275 Magna
386 2199 463 2256 enirn
485 2218 517 2256 se
537 2209 568 2256 et
589 2198 747 2255 inveterati
766 2198 884 2268 invidiis,
899 2217 957 2255 nec
969 2200 1048 2276 turpi

206 2308 239 2358 2⁰
251 2295 365 2373 jacturis
381 2294 512 2371 (quando
532 2305 595 2352 erat
617 2295 734 2374 addis),
748 2306 805 2351 nec
826 2295 964 2366 maxima,
978 2295 1050 2353 libe-

253 2393 335 2450 ravit.
378 2393 436 2449 Sed
457 2391 562 2448 honori
582 2409 696 2448 summo
715 2410 806 2468 nuper
826 2401 925 2447 nostro
941 2388 1049 2448 Miloni

254 2488 318 2559 fuit,
332 2489 409 2565 quod
424 2486 632 2564 gladiatoribus
644 2488 748 2562 emptis
766 2487 932 2562 reipublicae
947 2488 1049 2557 causfi,

253 2602 317 2658 qum
332 2583 424 2640 salute
438 2583 537 2640 nostra
559 2583 772 2654 continebatur,
786 2601 888 2641 omnes
903 2583 934 2642 P.
950 2583 1049 2640 Clodii

254 2690 377 2736 conatus
405 2680 573 2753 furoresque
601 2681 779 2754 compressit.
834 2679 931 2737 Causa
960 2679 1049 2757 igitur

206 2786 239 2838 25
254 2775 416 2851 largitionis
430 2786 484 2846 est,
498 2775 522 2832 si
537 2785 587 2832 aut
600 2795 721 2834 necesse
735 2786 788 2847 est,
803 2786 852 2834 aut
866 2777 946 2833 utile.

293 2871 329 2928 lu
343 2871 389 2927 his
403 2882 497 2928 autem
513 2871 592 2947 ipsis,
604 2873 811 2930 mediocritatis
824 2872 926 2949 regula
939 2873 1049 2948 optima

253 2978 307 3027 est
349 2967 381 3029 L.
403 2965 520 3043 quidem
540 2968 985 3046 Pusstppus,Q.fi1ius,magno
1007 2968 1048 3027 vir
