2200 3492
192 199 244 256 tat
521 208 569 254 nn
589 206 737 255 oenone.
950 203 1029 266 [nn

273 357 380 434 Atque,
402 358 431 416 in
452 356 508 416 bac
533 356 665 433 pernicie
691 354 870 431 reipublicae,
892 373 932 410 ne
952 353 1030 412 iiiam

233 453 348 530 quidem
380 464 607 531 consequuntur,
634 472 720 528 quam
754 461 867 528 putant,
897 451 1030 528 gratiam.

232 550 321 619 Nam,
336 552 385 609 cui
405 571 452 608 res
471 561 571 627 erepta
585 561 638 622 est,
653 560 697 607 est
711 550 864 618 inimicus;
888 548 938 605 cni
953 549 1031 621 data,

233 648 319 707 etiarn
335 647 497 705 dissimulat
509 666 541 704 se
553 648 687 723 accipere
697 646 839 702 voluisse:
860 655 891 702 et
905 645 1032 702 maxime

203 744 264 802 bin
283 743 416 819 pecuniis
437 742 556 800 creditis
571 744 702 801 occultat
721 761 805 799 suum
829 742 981 818 gandium,
995 761 1032 799 ne

233 841 362 898 rideatur
382 858 441 897 non
463 839 552 897 fuisse
572 840 719 898 solvendo.
762 839 803 896 At
816 857 886 895 vero
907 838 969 910 ille,
983 838 1032 914 qui

234 937 342 1013 accipit
371 936 516 1012 injuriam,
543 946 574 994 et
600 937 743 1009 meminit,
770 947 800 994 et
825 950 887 1012 prae
915 954 950 993 se
977 937 1033 993 fert

234 1035 363 1092 dolorem
387 1053 488 1093 suurn:
516 1048 583 1106 nec,
606 1033 631 1091 si
654 1033 752 1109 plures
776 1043 844 1090 sunt
867 1032 899 1103 ii,
926 1032 1034 1107 quibus

234 1131 364 1207 improbe
394 1131 493 1189 datum
520 1141 576 1203 est,
601 1149 687 1206 qnam
715 1130 756 1187 illi
782 1130 890 1204 quibus
925 1130 1033 1206 injuste

189 1239 220 1288 lo
235 1228 399 1303 ademptum
420 1238 473 1298 est,
488 1227 601 1285 idcirco
619 1227 685 1303 plus
704 1227 792 1283 etiam
814 1227 920 1284 valent
963 1226 1032 1285 Non

234 1324 313 1381 enim
346 1334 468 1381 numero
502 1325 565 1381 haec
597 1323 775 1401 judicantur,
805 1323 855 1379 sed
890 1323 1032 1399 pondere.

233 1420 332 1484 Quam
355 1430 450 1479 autem
466 1421 552 1479 habet
569 1420 742 1496 equitatem,
758 1431 789 1476 ut
803 1438 915 1495 agrum,
934 1419 1034 1478 multis

235 1518 318 1576 annis
333 1518 483 1575 autetiam
497 1517 613 1575 saeculis
627 1526 694 1574 ente
707 1535 882 1593 possessum,
897 1517 950 1590 qui
970 1518 1034 1574 nnl-

233 1615 293 1672 lum
314 1616 425 1687 habuit,
439 1615 560 1685 habeat3
581 1616 631 1688 qui
653 1622 749 1672 autem
770 1613 880 1682 habuit,
896 1614 1033 1671 amittet?

190 1819 221 1867 15
274 1788 390 1865 XXIII.
413 1806 470 1876 Ac,
483 1816 599 1882 propter
620 1806 675 1864 boc
696 1805 807 1881 injuriae
820 1824 925 1882 genus,
941 1806 1034 1863 Lace·

234 1903 369 1961 demanii
388 1903 569 1978 Lysandrum
584 1904 723 1979 ephorum
738 1901 927 1976 expulerunt3
954 1903 1033 1979 Agiu

230 2018 331 2076 regem
345 1998 435 2077 (quod
451 2018 599 2074 nunquam
615 2009 701 2056 antea
713 1998 787 2073 apud
802 2017 853 2054 eos
865 1999 1033 2079 acciderat)

234 2107 426 2154 necaverunt:
449 2117 484 2154 ex
504 2115 597 2172 eoque
617 2106 752 2171 tempore
767 2105 854 2152 tantae
873 2095 1033 2153 discordie

235 2204 342 2251 secute
356 2206 432 2267 sunt,
448 2204 479 2252 ut
493 2204 523 2250 et
535 2194 651 2269 tyranni
669 2193 849 2262 exsisterent,
864 2201 895 2248 ct
909 2192 1034 2267 optima·

188 2293 221 2343 m
233 2299 278 2348 tes
298 2291 567 2361 exterminarentur,
582 2300 611 2347 et
631 2288 849 2365 praeclarissime
870 2289 1034 2346 constituta

234 2387 396 2463 respublica
410 2386 603 2445 dilaberetur:
623 2404 680 2442 nec
690 2404 758 2443 vero
772 2385 864 2441 solum
879 2384 943 2460 ipsa
953 2386 1034 2443 ceci-

234 2483 287 2555 dit,
308 2483 464 2540 sedetiam
487 2481 628 2556 reliquam
655 2482 801 2539 Graeciam
825 2482 932 2539 evertit
960 2499 1033 2539 con-

233 2579 399 2655 tagionibus
410 2578 573 2649 «malorum,
585 2596 659 2652 quae,
675 2598 691 2635 a
711 2577 945 2637 Lacedaemoniis
965 2596 1032 2654 pro-

234 2675 328 2745 fectae,
348 2675 502 2732 mentuunt
528 2674 639 2732 latius:
664 2673 769 2737 Quint
795 2686 910 2731 nostros
937 2676 1032 2733 Grac

188 2778 221 2828 m
234 2768 385 2841 chos„Ti.
406 2769 547 2841 Gracchi,
568 2770 673 2826 summi
700 2769 764 2842 viri,
785 2769 870 2840 filios,
892 2770 1030 2829 Africani

233 2877 364 2943 nepotes,
390 2884 489 2925 noune
517 2865 637 2943 agrario
663 2866 869 2924 contentiones
894 2867 1031 2942 perdide·

234 2964 322 3024 runtt
