2200 3492
162 165 219 224 178
493 178 537 226 rm
558 176 704 224 urricus.
903 173 999 234 [unt
1082 246 1083 265 χ

206 325 280 385 situs
298 322 411 404 injurii.
452 326 536 390 Quid
556 329 646 406 ergot
667 327 716 386 bic
737 344 796 384 non
817 333 932 395 noceat,
947 324 999 400 qui
1082 302 1083 307 ἵ

206 421 331 498 quodam
351 424 433 499 quasi
447 443 559 483 veneno
571 425 710 501 perficiat,
724 433 756 481 ut
769 441 853 480 veros
866 421 999 479 heredes
1083 442 1084 462 ¹

207 529 330 592 moreat,
352 521 382 577 in
403 540 502 579 eorum
522 521 619 579 locum
641 521 702 597 ipse
722 519 880 577 succedat?
926 517 998 575 Non

207 615 295 693 igitur
315 617 412 687 saciat,
428 616 546 696 (dixerit
566 617 643 697 quis)
662 617 739 693 quod
760 615 829 674 utile
850 615 898 686 ait,
919 615 997 691 quod

178 712 359 787 texpediatt
400 712 493 770 Immo
514 713 664 790 intelligat,
681 712 753 770 nibil
774 730 830 769 nec
850 711 996 787 expedire,

206 826 263 865 nec
283 809 353 866 utile
373 826 446 880 ease,
460 810 537 885 quod
551 810 589 866 sit
603 809 749 886 injustum.
791 808 859 866 Hoc
873 808 922 883 qui
936 826 996 865 ncn

205 902 351 975 didicerit,
366 906 457 963 bonus
471 904 513 962 vir
527 923 590 961 esse
603 923 663 961 non
676 904 791 980 poterit.

247 999 404 1059 Fimbriam
440 1001 630 1073 consularem,
661 1000 812 1058 audiebam
845 1001 882 1058 de
915 1010 997 1076 patre

208 1105 305 1154 nostro
324 1115 406 1171 puer,
418 1096 545 1173 judicem
567 1095 609 1153 M.
624 1096 742 1154 Lutatio
755 1096 878 1154 Pinthiae
897 1096 996 1169 fuisse,

164 1209 194 1258 lt)
208 1191 298 1267 equiti
311 1192 448 1249 Romano
462 1211 531 1250 sane
545 1192 678 1263 honesto,
693 1211 759 1249 cum
774 1192 799 1248 is
812 1192 997 1268 sponsionem

190 1322 193 1327 -
209 1286 335 1359 fecisset,
350 1288 410 1345 “ni
425 1289 517 1346 bonus
538 1289 581 1345 vir
601 1297 677 1346 esset
687 1290 725 1345 ;”Α
739 1289 834 1362 itaque
849 1287 876 1344 ei
891 1287 998 1345 dixisse

209 1382 377 1456 Fimbriam,
392 1404 423 1441 se
440 1383 516 1442 illam
537 1403 597 1441 rem
619 1402 765 1459 nunquam
783 1384 997 1460 judicaturum3

209 1498 247 1537 ne
274 1490 323 1538 aut
349 1481 485 1557 spoliaret
511 1481 588 1538 famia
614 1481 766 1557 probatum
793 1480 951 1553 hominem,
972 1482 997 1536 si

100 1614 103 1617 Δ
210 1585 312 1635 contra
328 1577 502 1654 judicdsset;
525 1586 574 1637 aut
589 1578 723 1634 statuisse
736 1577 891 1648 videretur,
904 1577 999 1634 virum

166 1689 195 1738 15
210 1671 316 1730 bonum
332 1671 455 1746 aliquem
468 1689 541 1744 esse,
554 1690 620 1728 cum
632 1690 667 1729 ea
679 1690 725 1730 res
739 1671 999 1729 innumerabilibus

209 1767 313 1824 officiis
339 1777 369 1824 et
395 1767 532 1825 laudibus,
555 1768 760 1826 contineretur.
801 1767 881 1826 Huic
911 1768 999 1845 igitur

209 1863 270 1920 viro
297 1864 382 1934 bono,
411 1881 495 1938 quem
531 1863 661 1922 Fimbria
693 1863 790 1935 etiam,
817 1883 877 1921 non
912 1865 999 1922 modo

210 1960 356 2030 Socrates,
384 1969 511 2030 noverat,
545 1959 626 2018 nullo
659 1960 746 2019 modo
779 1961 870 2018 rideri
903 1971 1001 2036 potest

209 2053 365 2129 quidquam
390 2073 452 2112 esse
476 2055 557 2127 utile,
582 2056 658 2131 quod
686 2075 745 2115 non
772 2056 924 2117 honestum
952 2057 998 2114 sit.

164 2167 196 2216 ρο
210 2148 312 2226 Itaque
325 2150 391 2208 talis
404 2151 446 2208 vir
460 2168 519 2208 non
533 2146 620 2210 modo
633 2151 738 2224 iacere,
754 2153 855 2233 sedne
870 2154 1001 2231 cogitare

210 2247 325 2323 quidem
353 2247 506 2323 quidquam
536 2248 661 2319 audebit,
691 2249 767 2323 quod
800 2268 860 2307 non
895 2250 1000 2307 audeat

209 2345 375 2421 praedicare.
430 2344 514 2415 Haec,
542 2364 639 2402 nonne
673 2337 839 2422 est‘turpe,
867 2346 1000 2403 dubitare

209 2439 403 2515 philosophos,
428 2459 491 2515 quae
515 2459 552 2496 ne
576 2440 676 2499 rustici
704 2441 819 2516 quidem
846 2441 1000 2498 dubitent?

211 2535 348 2609 aquibus
368 2545 467 2593 natum
488 2545 531 2593 est
551 2536 591 2607 id,
607 2537 682 2610 quod
700 2537 759 2613 jam
781 2538 935 2595 contritum
956 2549 1002 2594 est

165 2650 196 2700 25
211 2640 351 2688 vetustate
371 2632 568 2707 proverbium:
590 2651 656 2690 curn
678 2633 755 2690 enirn
777 2633 862 2690 tidem
877 2633 1001 2709 alicujus

211 2727 425 2803 bonitatemque
438 2728 567 2800 laudant,
578 2728 698 2805 dignum
712 2749 776 2786 esse
790 2729 900 2801 dicunt,
913 2730 1001 2804 “qui-

211 2843 278 2884 cum
295 2824 325 2881 in
343 2824 470 2882 tenebris
490 2824 608 2882 micas.''
650 2824 716 2882 Hoc
730 2844 815 2900 quam
829 2825 917 2883 habet
931 2826 1000 2896 vim,

212 2918 269 2980 nisi
296 2919 383 2992 iliam,
412 2920 482 2978 nihil
517 2920 662 2997 expedire,
691 2921 768 2996 quod
795 2940 854 2978 non
886 2921 1001 2993 deceat,
