2200 3492
72 257 190 317 nuru]
239 218 242 227 ¹
364 258 429 307 <nn
450 258 596 305 osricus.
877 241 933 300 173

133 396 227 469 Quod
247 407 372 465 sirecte
388 406 538 483 judicavit,
553 426 613 464 non
633 414 713 463 reate
731 404 887 463 frumenta·

95 503 155 561 rius
177 503 236 576 ille,
251 523 308 561 noa
329 514 409 561 reete
428 504 532 562 edium
544 502 740 579 pestilentium
757 502 886 559 venditor

95 600 196 657 tacuit.
252 601 311 658 Sed
338 596 501 677 hujusmodi
529 599 688 658 reticentiae
715 598 780 675 jure
807 598 885 656 civili

95 715 198 754 omnes
218 697 424 773 comprehendi
450 714 508 755 non
534 708 671 773 possunt:
699 716 762 771 quae
790 707 885 753 autem

95 804 225 868 possunt,
247 793 401 870 diligenter
427 802 571 850 tenentur.
613 792 654 850 M.
676 791 788 850 Marius
814 793 918 851 Gra-5

95 889 233 960 tidianus,
257 890 436 965 propinquus
462 900 570 961 noster,
596 889 629 947 C.
658 889 762 967 Sergio
787 889 886 946 Oratae

95 985 265 1043 vendiderat
279 986 355 1043 edes
368 1005 427 1058 eas,
442 1005 514 1061 quas
529 987 564 1043 ab
578 986 680 1043 eodem
700 986 770 1061 ipse,
784 986 886 1062 paucis

96 1091 163 1140 ante
178 1082 271 1153 annis,
286 1092 403 1139 emerat.
445 1081 500 1140 Hae
517 1083 621 1159 Sergio
635 1082 813 1140 serviebant:
835 1081 886 1139 sed

96 1179 198 1236 hocin
212 1179 358 1255 mancipio
377 1178 488 1236 Marius
508 1198 568 1237 non
589 1180 707 1237 dixerat.
749 1179 887 1237 Adducta

95 1293 141 1333 res
162 1274 193 1332 in
211 1275 353 1352 judicium
370 1286 422 1334 est.
450 1276 582 1333 ¹Oratam
596 1276 728 1344 Crassus,
743 1276 887 1335 Gratidia·
903 1279 934 1327 1⁰

95 1390 166 1429 num
189 1368 363 1428 defendebat
384 1371 549 1451 Antonius„
581 1371 634 1428 Jus
658 1371 780 1428 Crassus
804 1390 887 1449 urge·

95 1469 161 1526 bat:
183 1468 261 1544 quod
281 1467 345 1551 vitii
364 1467 494 1525 venditor
514 1486 574 1524 non
595 1466 714 1525 dixisset
735 1468 841 1540 sciens,
856 1467 885 1525 id

94 1576 230 1641 oportere
255 1564 400 1641 praestari:
435 1564 599 1638 equitatem
626 1563 790 1621 Antonius:
817 1582 887 1639 quo-

45 1650 49 1660 ’
94 1662 174 1720 niam
189 1661 218 1719 id
233 1661 333 1720 vitium
355 1648 490 1738 ignotum
508 1660 612 1737 Sergio
632 1678 690 1718 non
712 1660 822 1732 suisset,
836 1660 885 1737 qui

94 1758 159 1817 illas
174 1758 251 1816 rades
267 1759 452 1830 vendidisset,
466 1757 538 1825 nihil
560 1757 649 1817 fuisse
669 1776 789 1815 neeesse
810 1758 869 1815 dioi
878 1778 886 1829 ;
903 1772 934 1820 15

93 1875 151 1914 neo
172 1874 239 1913 eum
260 1874 323 1912 esse
344 1856 508 1930 deceptum,
530 1854 579 1930 qni
600 1854 640 1926 id,
662 1854 740 1929 quod
766 1864 886 1927 emerat,

93 1971 153 2028 quo
178 1952 245 2029 jure
272 1961 357 2023 esset,
385 1961 505 2009 teneret.
559 1951 710 2014 Quorsum
737 1953 827 2010 haeot
855 1962 887 2009 ut

12 2048 21 2059 ”
94 2049 166 2107 illud
188 2048 343 2126 intelligas,
360 2068 418 2107 non
432 2048 584 2124 placuisse
603 2048 761 2124 majoribus
780 2050 887 2106 nostris

95 2155 214 2204 astutos.
377 2148 380 2155 ’
647 2144 651 2148 ’

133 2337 234 2397 XVII.
259 2339 316 2397 Sed
339 2338 420 2396 aliter
440 2340 530 2416 leges,
540 2338 628 2396 'aliter
646 2337 820 2414 philosophi,
834 2338 887 2394 tol·
902 2350 934 2400 20

41 2468 45 2475 «
94 2436 159 2493 lunt
174 2434 309 2492 astutias:
330 2435 418 2511 leges,
434 2435 577 2509 quitenus
597 2452 683 2491 manu
704 2422 803 2490 tenere
822 2452 887 2509 pos-

13 2536 14 2539 ’
94 2542 179 2601 sunt3
200 2531 374 2607 philosophi,
389 2528 531 2607 quitenus
551 2530 662 2589 ratione
681 2540 710 2587 et
726 2530 888 2608 intelligen-

93 2629 144 2687 tia
187 2626 278 2686 Ratio
299 2629 386 2705 igitur
399 2628 536 2703 postulat;
551 2646 588 2685 ne
603 2628 672 2703 quid
686 2627 834 2705 insidiose,
849 2645 887 2686 ne

93 2726 164 2801 quid
184 2725 327 2797 simulate,
343 2724 462 2800 nequid
477 2725 627 2782 fallaciter.
670 2723 782 2782 Suntne
799 2725 887 2802 igitur

95 2823 219 2892 insidiaeg
233 2821 353 2878 tendere
373 2821 482 2897 plagas,
496 2821 623 2878 etiamsi
637 2821 814 2879 excitaturus
827 2840 887 2878 non
902 2836 934 2884 25

94 2918 134 2975 sis
155 2918 240 2989 feras,
262 2937 318 2975 neo
340 2917 518 2994 agitaturusl
546 2917 615 2993 ipsae
636 2918 724 2989 enim,
745 2918 824 2975 nullo
845 2917 897 2974 in·'

12 3030 21 3089 p
94 3025 244 3090 sequente,
260 3034 335 3090 sepe
350 3013 498 3071 incidunt:
520 3014 563 3072 sic
578 3024 608 3071 tu
623 3014 700 3072 aedes
712 3014 887 3092 proscribas.

16 3112 20 3125 ¹
335 3110 399 3169 15*
