2200 3492
494 195 538 248 ns:
557 200 703 247 osricus.
922 189 965 250 [L-
978 190 999 236 ¹·

620 285 632 319 Ι

196 352 322 409 munitas
342 360 396 424 est,
418 370 481 429 quae
503 350 658 409 conficitur
678 369 715 408 ex
743 348 892 408 beneficiis
913 347 996 406 ultro

196 448 269 506 citro
289 449 373 520 datis,
394 449 539 525 acceptis:
562 468 626 524 qnae
647 458 748 506 mutua
768 458 797 504 et
817 458 900 524 grata
920 447 993 504 dum

196 558 271 617 sunt,
287 547 362 603 inter
383 562 456 621 quos
477 566 512 604 ea
532 555 609 619 sunt,
625 546 707 604 firma
729 545 770 602 illi
785 544 994 603 devinciuntur

195 644 345 701 societate.

147 754 171 802 5¹
235 741 304 813 Sed,
324 760 392 799 cum
413 741 512 799 omnia
532 742 645 799 ratione
670 740 826 815 animoque
846 738 991 813 lustratis,

195 838 326 895 omnium
346 839 518 898 societatum
539 838 619 895 nulla
639 848 683 895 est
703 838 827 915 gravior,
842 838 922 895 nulla
943 857 992 895 ca·

195 935 263 1005 rior,
279 953 365 1010 quam
386 955 421 993 ea
442 955 506 1011 quae
523 954 591 993 cum
608 934 757 1010 republicis
771 944 816 992 est
829 935 991 1010 unicuique

195 1031 334 1090 nostrdm.
374 1032 534 1091 Cari‘sunt
554 1043 698 1109 parentes,
720 1032 782 1091 cari
809 1032 902 1103 liberi,
923 1050 990 1109 pro-

194 1128 305 1205 pinqui,
321 1116 492 1187 familiares:
515 1129 565 1187 sed
580 1148 681 1186 omnes
702 1130 832 1187 omnium
852 1130 990 1188 caritates

143 1226 288 1302 ,dpatria
309 1244 368 1283 una
389 1226 540 1302 complexe
564 1236 625 1305 est;
651 1245 705 1302 pro
727 1227 785 1302 qua
807 1227 871 1302 quis
893 1229 990 1284 bonus

195 1323 307 1379 dubitet
331 1333 454 1380 mortem
476 1335 623 1400 oppetere,
645 1324 717 1383 aiei
738 1324 776 1382 sit
796 1325 989 1401 profuturus?
1002 1374 1007 1388 ,.

193 1419 266 1482 Quo
293 1429 337 1477 est
364 1420 561 1479 detestabilior
588 1421 710 1479 istorum
737 1422 912 1494 immanitas
937 1422 988 1497 qui

195 1518 359 1579 lacerarunt
370 1500 458 1576 ,omni
480 1519 590 1576 scelere
608 1519 741 1595 patriam,
756 1529 786 1577 et
799 1519 829 1577 in
844 1519 879 1578 ed
894 1520 989 1578 fundi·
1020 1544 1021 1547 ¹

195 1625 242 1673 tus
256 1614 381 1673 delenda
394 1617 530 1693 occupati
544 1627 612 1674 sunt
626 1627 655 1674 et
670 1617 794 1675 suerunt.
839 1618 843 1623 ’

143 1714 180 1763 v15
235 1712 304 1783 Sed,
319 1712 344 1769 si
365 1713 513 1772 eontentio
534 1706 665 1788 quaedam
685 1723 715 1771 et
733 1715 911 1791 comparatio
927 1715 986 1788 fiat,

195 1808 299 1883 quibus
320 1808 476 1884 plurimum
504 1810 691 1868 tribuendum
718 1811 818 1884 officii,
840 1812 987 1889 principes

194 1914 261 1963 sunt
274 1904 368 1980 patria
381 1916 410 1962 et
423 1916 568 1981 parentes,
584 1923 707 1982 quorum
728 1909 878 1967 beneficiis
898 1911 987 1967 maxi·
1062 1943 1066 1950 ·

194 1999 249 2057 mis
270 1999 389 2076 obligati
411 2016 528 2059 sumus:
550 2002 673 2078 proximi
694 2003 788 2077 liberi,
803 2015 921 2080 totaque
936 2007 992 2064 do*

194 2114 267 2168 mus,
296 2115 359 2171 quae
387 2108 498 2175 spectat
526 2099 556 2156 in
583 2118 637 2157 nos
671 2101 756 2174 solos,
784 2121 879 2177 neque
908 2104 986 2161 aJiud

147 2200 178 2252 at
194 2194 283 2252 ullum
304 2205 399 2270 potest
420 2196 525 2253 babere
545 2197 733 2274 perfugium?
753 2199 891 2276 deinceps
912 2203 985 2261 bene

194 2293 400 2349 convenientes
417 2293 583 2369 propinqui,
606 2295 779 2370 quibuscum
800 2297 888 2355 etiam
910 2318 986 2356 corn·

194 2389 289 2446 munis
313 2389 481 2465 plerumque
500 2391 617 2448 fortuna
630 2402 683 2449 est.
723 2392 921 2454 Quamobrem
937 2416 985 2453 ne-

194 2485 320 2543 cessaria
332 2486 467 2561 praesidia
480 2487 546 2544 vitae
562 2488 703 2546 debentur
717 2489 753 2548 iis
767 2493 900 2564 maxime,
913 2513 984 2568 quos

195 2592 261 2639 ante
289 2582 365 2640 dixi:
401 2584 461 2641 vita
493 2595 600 2656 autem,
628 2586 781 2662 victusque
813 2591 983 2664 communis,

147 2695 179 2744 25
194 2679 326 2751 consilia,
342 2698 500 2753 sermones,
515 2682 740 2756 cohortationes,
762 2687 983 2760 consolationes,

194 2775 338 2835 interdum
353 2777 440 2834 etiam
453 2778 679 2855 objurgationes,
694 2780 724 2838 in
739 2781 875 2841 amicitiis
888 2799 985 2861 vigent

195 2873 337 2933 maxime:
359 2873 459 2950 estque
474 2893 510 2932 ea
520 2874 734 2951 jucundissima
747 2879 885 2953 amicitia,
900 2901 984 2957 quam

194 2969 353 3031 similitudo
367 2989 480 3030 morum
494 2972 667 3052 conjugavit.
748 2951 758 2987 ‘
