2200 3492
183 212 221 271 rt
519 219 726 272 neomcue.
950 218 1027 283 [ur.

228 372 491 448 sententiarumque
501 384 647 451 precepta
659 383 736 444 eunt,
747 371 850 430 eudem
862 369 899 429 ed
912 388 1027 429 sermo·

228 487 295 525 nem
308 470 503 544 pertinebunt.

268 566 338 640 Sed,
353 585 421 624 eum
435 565 577 624 orationis
591 567 718 624 indicem
729 584 828 623 vocem
843 565 1024 636 habeamus3

228 663 258 720 in
280 682 353 721 voce
376 676 472 722 autem
494 665 561 737 duos
575 682 738 741 sequemur,
762 673 793 720 ut
814 662 894 720 clara
914 662 962 732 sit,
988 673 1024 719 ut

197 759 341 831 benevim
373 771 526 837 utrumque
550 761 669 819 omnino
694 780 711 818 c
733 760 838 821 netur&
860 759 1023 835 petendum

228 866 288 914 eet:
309 875 409 914 verum
426 858 547 916 alterum
566 857 736 917 exercitatio
755 856 882 933 augebit,
897 856 1022 913 alterum

227 953 351 1012 imitatio
359 973 457 1030 presse
467 954 649 1030 loquentium
659 967 689 1011 et
699 954 811 1011 leuiter.
846 952 929 1010 Nihil
939 952 1022 1009 aliud

227 1049 282 1107 fuit
298 1050 512 1123 incautique
532 1070 584 1108 eos
605 1051 749 1126 exquisito
767 1049 880 1126 judicio
900 1058 1022 1124 putares

227 1147 271 1204 uti
292 1146 458 1218 literarum3
479 1167 644 1223 quanquam
667 1156 750 1204 erent
771 1145 894 1203 literati:
916 1145 967 1202 sed
991 1155 1023 1201 et

186 1246 214 1297 10
228 1243 294 1302 ulii:
316 1244 346 1302 hi
362 1255 456 1302 autem
470 1244 579 1321 optime
593 1243 636 1302 uti
649 1244 749 1322 lingui
764 1243 868 1300 Latini
878 1243 1023 1318 puteban-

227 1349 281 1399 tur.
326 1341 423 1398 Sonus
439 1350 501 1399 eret
522 1340 631 1400 duleis:
652 1340 742 1397 literae
764 1358 857 1415 neque
877 1357 1022 1413 expresse

227 1456 322 1513 neque
336 1418 490 1514 oppremere,
504 1457 542 1495 ne
558 1448 607 1495 aut
620 1438 776 1494 obscurum
790 1445 867 1493 esset
881 1445 930 1492 aut
943 1434 1023 1510 puti-

228 1533 314 1592 dum:
336 1534 399 1592 sine
420 1534 610 1595 contentione
630 1551 694 1604 vox,
718 1551 774 1589 nec
795 1533 947 1609 languens,
961 1550 1022 1589 nec

227 1648 343 1689 *canore
385 1631 509 1689 Uberior
536 1631 630 1689 oratio
656 1629 690 1688 L.
713 1627 821 1701 Crassi,
844 1647 901 1686 nec
921 1627 1021 1685 minue

183 1737 214 1786 15
230 1726 341 1785 faceta:
362 1728 412 1785 sed
429 1728 502 1786 bene
515 1727 653 1802 loquendi
668 1728 704 1785 de
718 1724 831 1784 Getulis
844 1725 944 1801 opinio
957 1743 1020 1783 non

229 1824 331 1882 minor.
363 1824 431 1882 Sele
445 1843 513 1881 vero
527 1834 557 1881 et
571 1824 684 1882 facetiis
698 1823 806 1895 Caeear,
816 1823 914 1880 Catuli
927 1821 1020 1898 patrie

229 1922 325 1992 stater,
337 1920 407 1978 vicit
420 1939 522 1978 omnes
530 1940 537 1990 ;
560 1930 592 1978 ut
606 1920 635 1977 iu
650 1921 713 1995 ipso
728 1920 778 1977 illo
791 1919 899 1978 sorensi
910 1937 1020 1997 genere

228 2016 346 2074 dicendi
361 2017 567 2075 contentiones
581 2017 703 2074 eliorum
718 2035 851 2074 sermone
865 2015 1003 2074 vinceret

267 2111 302 2171 In
320 2114 455 2171 omnibus
476 2113 563 2191 igitur
579 2114 625 2171 his
643 2113 850 2175 elaborandum
869 2123 922 2184 est,
937 2112 972 2184 si,
987 2112 1018 2170 in

182 2223 215 2272 20
227 2210 308 2267 omni
321 2230 363 2283 re,
375 2211 444 2285 qnid
458 2212 572 2282 deceat,
583 2211 768 2285 exquirimus,
812 2210 857 2268 Sit
867 2210 954 2287 igitur
969 2209 1019 2268 hic

228 2326 332 2380 sermo,
349 2309 451 2383 inquo
469 2307 613 2366 Socratici
633 2308 757 2365 maxime
773 2308 929 2380 excellunt,
943 2308 1019 2367 lenis

226 2404 402 2479 minimeque
425 2405 575 2480 pertinax3
605 2405 673 2485 insit
699 2405 730 2462 in
757 2424 793 2462 ee
819 2406 909 2481 lepos.
951 2404 1019 2463 Nec

226 2518 305 2573 vero,
320 2510 458 2576 tanquam
478 2501 507 2559 in
520 2502 734 2577 possessionem
747 2503 869 2574 venerit,
883 2502 1019 2560 excludat

228 2595 317 2655 ulios:
339 2597 400 2667 ced,
411 2616 478 2655 cum
491 2598 610 2672 reliquis
619 2597 650 2655 in
661 2599 758 2670 rebus,
770 2608 831 2657 tum
843 2599 873 2656 in
885 2618 1018 2656 sermone

179 2701 216 2750 125
228 2691 388 2764 communi,
403 2691 631 2751 vicissitudinem
645 2712 705 2752 non
720 2694 846 2770 iniquam
863 2705 961 2771 putet:
984 2714 1018 2752 ao

228 2786 324 2846 videat
348 2787 378 2846 in
399 2788 509 2865 primis,
531 2790 637 2865 quibus
658 2791 695 2849 de
715 2792 802 2849 rebus
821 2791 973 2867 loquutur:
993 2791 1017 2849 si

229 2885 322 2959 seriis,
336 2885 519 2945 severitatem
534 2887 686 2960 adhibeat3
708 2888 733 2947 si
746 2888 866 2966 jocosis,
881 2888 1015 2966 leporem
