2200 3492
97 216 194 277 nm]
401 222 445 280 ps
467 222 614 272 osricus.
879 212 940 287 tat

98 383 116 430 a
130 377 234 424 senatu
249 386 279 425 re
293 388 350 426 non
371 370 538 447 impetrati3
561 389 651 432 unum
664 389 700 430 ex
713 369 826 442 domm,
840 369 891 446 qui

96 461 186 537 paulo
199 474 274 539 post,
285 484 369 540 quam
378 484 516 543 ‚egressus
529 476 591 525 erat
604 485 621 524 e
635 466 747 540 castris,
758 465 890 540 redisset,

99 559 182 633 quasi
205 560 313 635 aliquid
340 572 415 620 esset
440 562 557 636 oblitus,
578 563 682 622 Romae
709 562 890 625 remansisse.

98 654 214 713 Reditu
235 657 312 714 enim
333 657 362 715 in
384 668 489 732 castra,
509 647 661 717 liberatum
682 680 714 719 se
733 678 798 718 esse
814 659 893 737 jure-

95 751 224 829 jurando
238 753 495 830 interpretabatur:
516 774 578 813 non
596 765 693 814 reete:
714 756 792 816 fraus
812 756 919 815 enimn

99 848 243 926 astringit,
264 869 321 909 non
349 851 478 912 dissolvit
508 849 701 933 [perjurium]
749 851 818 912 Fuit
837 852 890 931 igi·

97 956 147 1006 tur
161 946 249 1006 stulta
261 947 415 1021 calliditas,
429 967 561 1025 perverse
576 948 687 1008 imitata
699 948 889 1026 prudentiam.

97 1042 203 1118 Itaque
217 1043 344 1112 decrevit
364 1055 490 1117 senatus,
505 1055 537 1104 ut
551 1045 755 1120 ille'veterator
768 1055 799 1104 et
811 1046 893 1122 ealli-

99 1140 156 1201 dus
182 1140 295 1198 vinctus
323 1141 364 1198 ad·
386 1140 580 1200 Hannibalem
614 1143 775 1212 duceretur.
830 1143 890 1202 sed

99 1236 173 1295 illud
192 1236 365 1300 maximum:
392 1248 460 1297 octo
486 1237 633 1299 bominum
659 1238 750 1300 millia
773 1241 893 1308 tenebat
904 1250 935 1300 10

98 1333 259 1406 Hannibal,
281 1354 339 1414 non
366 1354 439 1411 quos
462 1335 493 1392 in
517 1335 581 1393 soie
607 1335 740 1412 cepisset,
765 1346 814 1396 aut
840 1337 890 1412 qai

97 1430 231 1508 periculo
257 1431 359 1490 mortis
385 1431 647 1509 diffugissentsed
670 1431 719 1509 qui
745 1432 838 1491 relicti
858 1432 890 1492 in

98 1527 203 1586 castris
223 1527 344 1585 fuissent
364 1546 382 1586 a
401 1527 491 1586 Paulo
505 1537 535 1586 et
547 1527 690 1600 Varrone,
711 1528 889 1588 consulibus.

98 1622 163 1683 Eos
186 1635 310 1682 sanatus.
329 1642 389 1681 non
416 1624 530 1681 censuit
557 1623 750 1696 redimendos,
771 1643 839 1684 cum
859 1624 890 1696 iti

97 1720 187 1798 parvi
213 1720 337 1797 pecunia
371 1719 433 1778 fieri
459 1729 574 1796 possen
606 1731 639 1778 ut
665 1730 741 1780 esset
771 1720 889 1780 insitum
904 1730 935 1780 la

97 1815 242 1875 militibus
261 1816 366 1874 nostris
387 1825 436 1878 aut
456 1815 582 1889 sincere,
604 1799 772 1888 autpemori.
819 1817 889 1880 Qut
933 1855 936 1860 ·

98 1913 216 1990 quidem
237 1931 268 1969 re
290 1913 397 1984 audita,
419 1912 541 1970 tractum
564 1912 690 1976 animum
715 1913 893 1972 Hannibalis

98 2008 214 2085 scripsit
235 2009 322 2081 idem,
344 2008 420 2083 quod
443 2006 560 2068 senatus
581 2009 759 2086 populusque
781 2009 890 2070 Roma-

98 2126 165 2179 nus,
186 2106 271 2163 rebus
292 2104 414 2176 afflictis,
435 2114 494 2164 tam
517 2105 632 2163 excelso
658 2105 755 2164 animo
779 2106 890 2166 fuisset.

98 2202 163 2275 Sic,
182 2202 341 2260 honestatis
361 2201 587 2277 comparatione,
607 2218 652 2274 ea,
674 2221 737 2277 quae
758 2202 935 2266 videnturne

98 2299 194 2371 utilia,
218 2299 379 2356 vincuntur.
434 2297 548 2356 Acilius
577 2307 682 2369 autem,
710 2296 761 2374 qui
786 2297 890 2356 Graece

99 2395 216 2472 scripsit
236 2394 395 2466 historiam,
408 2394 505 2471 plures
522 2394 562 2452 ait
576 2393 674 2466 fuisse,
689 2393 737 2469 qui
751 2393 782 2451 in
796 2403 892 2454 castra

99 2491 295 2565 revertissent,
310 2490 411 2548 eadem
427 2490 537 2563 bande,
548 2501 581 2547 ut
591 2489 777 2566 jurejurando
788 2490 891 2550 libera·

99 2599 217 2659 rentum
237 2573 344 2663 eosque
359 2607 376 2645 a
389 2587 559 2646 censoribus
575 2585 710 2646 omnibus
723 2586 892 2664 ignominiis

100 2695 225 2744 notatos.
903 2701 936 2751 a

140 2782 187 2841 Sit
213 2780 273 2858 jam
300 2780 385 2855 hujus
411 2778 470 2839 loci
497 2777 571 2836 finis.
632 2777 820 2856 Perspicuum
846 2788 891 2840 est

100 2879 190 2951 enim,
205 2896 269 2954 quae
289 2875 392 2932 timido
414 2875 520 2947 animo,
541 2875 653 2946 humili,
668 2875 803 2947 demisso,
819 2874 891 2931 stac-

99 2987 187 3053 taque
208 2974 288 3045 fiant,
304 2970 401 3049 (quale
422 2971 523 3030 suisset
542 2971 652 3050 Reguli
670 2969 891 3043 santumnium
