2200 3492
68 209 141 273 aa]
341 254 344 259 .
368 213 582 262 neormam.
847 244 850 255 ,
876 199 920 261 85

69 380 135 439 qum
163 371 211 420 eet
237 380 335 422 rerum
362 363 587 442 expetendarum
615 363 873 442 fugiendarumque

70 459 208 520 scientia.

107 557 169 616 Illa
198 569 297 616 autem
324 559 475 636 sapientia,
500 579 587 636 quarn
614 559 776 636 principem
803 560 873 632 dixi,

16 730 17 733 Ἴ
69 674 168 714 rerum
185 666 230 713 est
245 656 407 715 divinarum
423 667 509 732 atque
527 658 718 715 humanarum
732 658 872 728 scientia3

16 830 17 837 ἵ
68 772 99 812 ur
120 754 184 829 qud
206 754 373 814 continetur
391 754 521 813 Deorum
537 765 566 812 et
580 755 730 813 hominum
745 765 903 813 commu-5

16 840 18 899 l
68 851 146 909 nitas
169 862 200 909 et
222 851 348 909 societas
368 852 444 911 inter
465 852 550 928 ipsos.
592 851 638 910 Ea
651 852 675 910 si
689 853 814 911 maxima
830 864 874 910 est

70 946 116 1025 (nt
137 950 314 1029 est³certe),
332 964 453 1006 necesse
474 959 528 1022 est,
540 950 619 1024 quod
635 950 873 1009 acommunitate

62 1046 198 1129 'ducatur
228 1046 367 1119 officium,
393 1047 423 1104 id
449 1066 513 1104 esse
541 1047 706 1106 maximum.
755 1047 872 1105 Etenim

16 1156 17 1163 ’
69 1144 208 1222 cognitio
223 1145 486 1221 contemplatioque
507 1157 617 1224 naturae
632 1165 736 1204 manca
748 1145 872 1222 quodam

16 1256 21 1319 t
62 1242 160 1300 modo
183 1253 272 1318 atque
293 1242 430 1300 inchoata
450 1243 496 1315 ait,
518 1243 543 1300 si
565 1243 645 1301 nulla
671 1244 750 1301 actio
777 1261 873 1302 rerum
889 1249 919 1298 lu

16 1368 18 1383 a
70 1351 286 1416 consequatur:
308 1359 344 1398 ea
365 1351 459 1397 autern
482 1341 559 1398 actio
580 1341 610 1398 in
631 1341 781 1399 hominum
795 1360 874 1398 conr·

16 1498 17 1503 χ
51 1422 55 1423 7
70 1437 169 1495 modis
183 1438 305 1495 tuendis
316 1438 440 1495 maxime
462 1437 599 1495 cernitur.
642 1436 772 1495 Pertinet
786 1438 873 1514 igitur

71 1535 106 1592 ad
127 1535 306 1593 societatem
326 1536 442 1613 generis
463 1535 600 1593 humani:
628 1553 700 1612 ergo
720 1536 783 1592 hac
806 1552 876 1612 cog-

16 1646 17 1653 ’
71 1631 181 1702 nitioni
204 1634 409 1709 anteponenda
428 1643 488 1691 est:
505 1643 596 1708 atque
610 1633 640 1689 id
654 1633 780 1708 optimus
798 1633 874 1708 quis-

16 1788 17 1809 ,
72 1750 174 1806 quere
190 1730 255 1806 ipsd
269 1730 405 1803 ostendit,
421 1740 450 1788 et
467 1730 589 1808 judicat.
630 1730 709 1792 Quis
730 1730 808 1787 enim
830 1741 874 1788 est
890 1737 920 1784 15

16 1814 17 1817 ¹
73 1838 130 1886 tarn
160 1829 288 1905 cupidus
316 1828 345 1885 in
374 1828 578 1904 perspiciendi
612 1829 873 1906 cognoscendique

73 1919 301 1997 rerum'natnrai,
317 1938 358 1997 ut,
370 1925 394 1982 si
408 1925 445 1996 ei,
457 1925 594 1983 tractanti
607 1925 873 2003 contemplantique

74 2042 118 2082 ree
147 2023 542 2101 cognitione-dignissimas,
566 2023 665 2081 subito
691 2024 728 2082 sit
756 2025 873 2084 allatum

74 2122 239 2197 periculum
268 2121 482 2195 discrimenque
507 2121 618 2197 patria,
645 2121 692 2178 cui
720 2123 873 2179 subvenire

76 2218 272 2294 opitularique
296 2217 397 2292 possit,
425 2236 483 2274 non
518 2217 568 2275 illa
600 2218 699 2276 omnia
730 2219 873 2294 relinquat
887 2230 919 2279 20

77 2316 160 2390 atque
186 2315 317 2391 abjiciat,
341 2314 428 2371 etiam
453 2314 477 2372 ai
502 2314 686 2373 dinumerare
710 2335 741 2373 se
765 2316 872 2387 stellas,

70 2422 124 2468 aut
144 2411 243 2468 metiri
268 2410 368 2468 mundi
389 2410 630 2487 magnitudinem,
650 2428 736 2487 posse
758 2413 874 2470 arbitre-

78 2509 141 2566 turl
184 2508 284 2582 Atque
306 2507 362 2564 hoc
384 2506 459 2577 idem
482 2507 513 2563 in
531 2507 668 2583 parentis,
684 2508 714 2565 in
729 2509 826 2581 amici,
842 2528 873 2567 re

16 2632 17 2639 κ
80 2615 125 2662 aut
143 2603 408 2680 periculo'fecerit.
449 2604 569 2666 Quibus
588 2605 675 2662 rebus
692 2605 872 2685 intelligitur,

80 2702 180 2758 studiis
218 2701 381 2776 officiisque
418 2701 548 2759 scientiae
582 2703 776 2779 praeponenda
809 2723 872 2762 esse
886 2713 919 2763 Ἀ

74 2797 174 2855 *officia
187 2797 321 2874 justitiae,
336 2816 400 2874 quae
421 2799 566 2875 pertinent
580 2799 617 2858 ad
631 2800 781 2858 hominum
797 2802 873 2859 utili·

74 2902 183 2969 ·tateut;
204 2895 261 2972 qud
275 2894 348 2953 nihil
362 2895 475 2954 homini
488 2914 554 2955 ease
567 2898 653 2956 debet
668 2896 821 2974 antiquius.

315 2992 336 3053 8
