2200 3492
155 165 175 225 8
217 176 222 185 ’
489 174 533 220 DE
558 174 704 220 osricus.
795 195 799 202 ·
918 178 957 239 [L.
969 181 989 228 l.

201 320 265 379 dem
284 321 446 399 aprincipe
467 323 553 400 hujus
573 322 664 381 astatis
683 321 939 399 philosophorum
960 331 991 380 et

200 418 305 491 disces,
320 421 456 496 quamdiu
470 420 566 478 voles:
587 420 697 477 tamdiu
712 429 807 476 autem
819 418 891 476 velle
904 419 991 476 debe·

200 514 254 585 bis,
268 515 363 590 quoad
382 525 422 587 te,
436 526 573 592 quantum
592 515 736 591 proficias,
751 531 809 572 non
829 513 989 591 poenitebit.

201 610 259 667 Sed
279 621 376 671 tamen
397 623 496 670 nostra
509 612 620 690 legens,
635 630 694 669 non
708 612 830 669 multum
845 631 861 668 a
874 610 991 687 Peripa·

170 706 296 763 eteticis
310 708 479 767 dissidentia
494 707 644 786 (quoniam
659 708 781 783 utrique,
796 717 825 765 et
846 706 991 765 Socratici

200 813 229 859 et
250 803 405 875 Platonici,
420 805 655 883 essevolumus),
670 805 706 861 de
723 806 809 862 rebus
823 804 893 881 ipsis
907 802 991 862 utere

201 909 250 956 tuo
268 899 400 975 judicio:
422 901 494 958 nihil
509 902 591 958 enim
602 901 744 977 impedio:
766 902 926 958 orationem
941 919 989 958 au·

200 994 259 1052 teln
280 995 412 1053 Latinam
433 998 574 1073 profecto,
596 998 726 1075 legendis
748 997 861 1068 nostris,
880 996 990 1055 efficies

199 1092 369 1167 pleniorem.
410 1090 477 1151 Nec'
505 1076 573 1151 veio
601 1104 767 1171 arroganter
794 1093 851 1151 hoc
878 1093 990 1152 dictum

159 1193 185 1242 ll
201 1189 357 1246 existimari
372 1191 465 1248 velim.
506 1190 583 1247 Nam
603 1189 823 1267 philosophandi
837 1190 990 1248 scientiam

202 1287 365 1343 concedens
386 1287 500 1357 multis;
529 1287 606 1361 quod
626 1297 670 1343 est
689 1287 810 1343 oratoris
830 1286 989 1363 proprium,
1009 1350 1012 1355 .

203 1392 276 1456 apte,
292 1382 438 1455 distincte,
453 1392 613 1461 ornateque
630 1382 738 1452 dicere;
752 1383 885 1458 quoniam
908 1381 938 1439 in
953 1400 989 1440 eo

117 1464 119 1469 ’
202 1477 297 1536 studio
308 1487 421 1536 etatem
434 1466 610 1554 consumpsi,
619 1478 644 1535 si
655 1479 684 1535 id
695 1478 765 1541 mihi
777 1496 901 1551 assumo,
912 1478 990 1535 vide-

201 1594 233 1636 or
248 1575 276 1635 id
291 1594 357 1632 meo
368 1576 432 1653 jure
447 1576 570 1651 quodam
585 1575 672 1633 modo
687 1574 843 1632 vindicare.

158 1674 188 1724 15
240 1671 441 1734 Quamobrem
450 1690 625 1748 magnopere
633 1681 662 1728 te
671 1670 826 1741 horton-mi
834 1670 949 1741 Cicero,
958 1679 991 1728 ut

202 1785 260 1825 aon
271 1767 365 1824 solum
375 1767 521 1829 orationes
533 1780 622 1837 meas,
630 1766 679 1823 sed
692 1768 745 1824 hos
754 1766 840 1823 etiam
852 1766 889 1823 de
899 1766 991 1841 philo-

203 1862 305 1939 sophid
316 1863 413 1945 limos,
423 1862 471 1940 qui
479 1863 538 1940 jam
550 1863 614 1923 illas
625 1863 684 1921 fere
693 1854 852 1939 aequarunt,
862 1863 991 1922 studiose
1026 1884 1028 1891 ’

202 1960 291 2036 legas.
333 1959 388 2016 Vis
400 1959 477 2018 enirn
492 1959 609 2017 dicendi
628 1960 719 2036 major,
731 1969 774 2016 est
791 1959 822 2017 in
841 1960 917 2018 illis:
938 1961 990 2018 sed

203 2057 259 2114 hoc
268 2070 382 2130 quoque
391 2055 545 2113 colendum
557 2067 601 2114 est
611 2044 751 2132 aequabile
760 2066 790 2113 et
799 2067 990 2133 temperatum

157 2161 189 2212 2⁰
203 2150 363 2211 orationis·
370 2171 470 2229 genus.
512 2152 551 2210 Et
578 2153 607 2210 id
630 2153 745 2229 quidem
772 2142 882 2210 nemini
905 2152 990 2210 video

202 2249 370 2309 Graecorum
392 2248 487 2314 adhuc
507 2249 673 2326 contigisse,
689 2259 720 2307 ut
734 2248 810 2311 idem
825 2259 945 2325 utroque
959 2249 991 2309 iu

202 2364 310 2424 genere
329 2345 481 2418 laboraret,
496 2355 718 2422 sequereturque
737 2344 856 2402 et'illud
877 2347 991 2405 forense

203 2442 331 2515 dicendi,
345 2453 375 2500 et
394 2443 451 2500 hoo
471 2442 599 2519 quietum
619 2441 784 2515 disputandi
805 2461 911 2519 genus;
933 2442 991 2501 nisi

204 2537 275 2595 forte
294 2538 459 2597 Demetrius
472 2538 629 2596 Phalereus
643 2536 673 2594 in
688 2537 743 2595 hoc
756 2557 876 2597 numero
890 2537 991 2598 haberi

157 2655 189 2706 25
203 2643 307 2709 potest,
328 2634 485 2709 disputator
512 2634 635 2707 subtilis,
657 2645 754 2692 orator
779 2626 879 2711 parurn
906 2636 990 2693 vehe·

203 2749 303 2800 mens3
333 2730 428 2788 dulcis
451 2741 564 2800 tamen;
596 2718 629 2787 ut
648 2729 842 2808 Theophrasti
866 2731 992 2808 discipu-
1025 2756 1027 2763 i
1097 2808 1098 2817 ἵ

203 2826 262 2884 lum
282 2827 373 2904 possis
394 2845 559 2904 agnoscere.
600 2826 664 2884 Nos
685 2837 779 2884 autem
800 2837 938 2902 quantum
959 2827 990 2887 in

204 2934 324 3000 utroque
357 2923 574 3000 profecerimus,
609 2923 729 2983 aliorum
762 2924 799 2981 sit
829 2915 990 3001 judicium:
