2200 3492
163 195 227 277 wil
498 227 541 273 oa
564 226 710 273 osricus.
909 224 951 284 [ι.
963 223 1007 270 ιιι

211 371 248 433 de
268 373 397 452 captivis,
419 374 495 451 quod
514 374 569 451 ipsi
590 393 662 453 opus
682 392 745 431 esse
765 372 922 445 rideretur,
945 391 1007 430 non

211 470 288 546 quod
308 471 485 548 reipublicae,
499 472 669 544 censuisset,
685 480 733 529 aut
753 469 831 528 domi
850 488 1008 528 remancre

167 641 169 645 Α
211 566 361 649 voluisset)
386 587 445 626 non
469 587 532 626 esse
556 568 647 640 utilia,
672 567 739 644 quia
762 568 820 625 sint
846 566 1004 645 flagitiosa,

211 663 296 737 ioeda,
311 665 414 741 turpia

178 872 195 923 5
250 855 398 915 XXXIH.
425 855 530 915 Restat
557 869 658 932 quarta
689 875 766 933 pars,
792 876 855 933 quae
882 855 1003 931 decore,

211 953 420 1026 moderatione,
444 953 596 1025 modestia,
622 953 812 1024 continentia,
839 963 1003 1029 temperan-

210 1050 262 1122 tia,
284 1049 457 1108 continetur.
513 1049 613 1108 Potest
640 1049 728 1128 igitur
755 1050 910 1125 quidquam
938 1068 1003 1107 esec

210 1145 291 1218 utile,
306 1144 382 1221 quod
403 1146 441 1204 sit
460 1146 529 1203 huie
545 1146 649 1205 vtalium
664 1147 799 1204 virtutum
821 1145 913 1203 choro
932 1163 1003 1204 con·

210 1241 350 1299 tretiuml
390 1241 480 1317 Atqui
503 1243 538 1300 ab
559 1243 708 1319 Aristippo
728 1241 893 1319 Cyrenaici,
916 1252 1003 1318 atque

166 1347 196 1398 1⁰
211 1337 375 1412 Annicerii,
389 1338 553 1417 philosophi
572 1338 724 1411 nominati,
739 1357 826 1395 omne
846 1339 957 1396 bouum
971 1339 1001 1396 in
1081 1389 1084 1394 ,

210 1434 356 1511 voluptate
374 1446 531 1511 posuerunt
540 1455 549 1506 ;
558 1434 760 1510 >virtutemque
773 1445 949 1492 censuerunt
963 1435 1002 1493 oh

211 1548 275 1614 earu
295 1549 355 1589 rem
376 1549 440 1588 esse
460 1529 644 1602 laudandam,
666 1530 741 1605 quod
768 1529 897 1587 efficiens
924 1539 1001 1588 esset

211 1626 370 1710 voluptatis.
423 1626 543 1688 Quibus
570 1626 716 1698 obsoletis,
738 1625 820 1683 floret
843 1625 999 1702 Epicurus,

211 1722 413 1804 ejusdem-fere
428 1723 540 1799 adjutor
554 1732 709 1799 auctorque
722 1722 880 1781 sententiar.
924 1723 1000 1782 Cum

165 1830 196 1879 15
211 1818 266 1890 his,
293 1819 362 1876 viris
388 1818 537 1894 equisque,
565 1828 597 1877 nt
624 1818 739 1892 dieitur,
767 1820 791 1876 si
818 1818 999 1878 honestatem

210 1914 286 1971 tueri
301 1933 335 1972 ac
348 1914 473 1972 retinere
493 1915 637 1974 sententia
657 1929 709 1988 est,
724 1916 932 1974 decertandum
947 1925 998 1976 est.

210 2007 299 2082 Nam,
313 2010 411 2068 sinon
425 2011 511 2069 modo
525 2012 643 2086 utilitas,
658 2014 707 2070 sed
722 2012 780 2070 rita
796 2014 890 2071 omnia
905 2014 998 2086 beata,

212 2105 341 2183 corporis
355 2103 443 2164 'firmi
458 2108 676 2176 constitutione,
687 2108 805 2186 ejusque
819 2109 1001 2168 constitutio-

211 2202 257 2261 nis
270 2223 321 2280 spe
333 2203 492 2282 explorati,
508 2203 554 2283 (ut
569 2225 585 2262 a
598 2203 767 2263 Metrodoro
787 2206 926 2282 seriptum
941 2208 999 2287 est)

163 2308 196 2361 20
211 2299 392 2371 continetur;
414 2311 491 2358 oerte
512 2301 575 2358 haec
595 2302 712 2374 utilitas,
734 2301 900 2377 etquidem
924 2322 1001 2362 sum·

210 2415 267 2469 ma,
283 2394 339 2474 (aio
359 2397 437 2454 enim
458 2398 591 2477 censent)
607 2417 673 2460 cum
688 2399 835 2457 honestate
848 2401 999 2476 pugnabit.
1085 2465 1086 2488 ,

210 2488 298 2564 Nam,
312 2492 362 2550 ubi
376 2494 499 2572 primum
519 2493 679 2569 prudentiae
699 2494 781 2551 locus
794 2495 931 2554 dabiturl
953 2516 1000 2570 an,
1085 2497 1086 2524 *

210 2596 243 2645 ut
262 2589 413 2665 conquirat
433 2589 561 2665 undique
581 2591 754 2650 suavitatesl
793 2591 894 2654 Quam
912 2592 1002 2653 miser

210 2683 323 2743 virtutis
343 2685 506 2758 famulatus,
528 2687 679 2746 servientis
698 2687 852 2763 voluptati!
907 2689 1002 2752 Quod

164 2795 196 2845 25
212 2792 307 2841 autem
321 2800 425 2839 munus
437 2783 619 2857 prudentiael
640 2803 676 2841 an
689 2784 786 2861 legere
805 2785 1003 2862 intelligenter

211 2879 390 2960 voluptatesl
430 2877 491 2936 Fae
506 2878 577 2936 nihil
592 2879 648 2939 isto
660 2899 723 2938 esse
734 2879 892 2958 jucundius
900 2902 908 2953 ;
930 2883 1003 2959 quid

211 2975 332 3053 cogitari
345 2984 439 3053 potest
452 2973 584 3052 turpiusl
624 2976 701 3050 lam,
715 2976 764 3053 qui
780 2975 911 3036 dolorem
924 2996 1002 3038 aum·
