2200 3492
187 212 227 272 tn
523 221 568 268 ns
587 220 735 268 omens.
943 220 990 281 [ι.
998 217 1031 266 11.

234 380 326 430 totum
346 371 511 449 reipublice
531 370 653 442 tradidi;
680 380 792 430 tantum
812 380 874 429 erat
898 369 1032 447 philoso-

234 468 309 545 phie
335 468 404 541 looi,
432 479 571 544 quantum
602 468 783 544 superfuerat
810 467 970 526 amicorum
999 476 1030 526 et

234 564 401 641 reipublioae
426 566 613 642 temporibus.
655 564 691 622 Id
718 573 815 622 autem
843 581 929 622 omne
956 582 1032 622 oon-

235 663 400 720 sumebatur
427 662 458 720 in
484 662 627 741 legendo:
661 661 808 720 scribendi
840 661 932 719 otium
966 679 1029 720 non

204 765 305 817 terat.

274 953 313 1012 ΙΙ.
336 952 472 1012 Maximis
492 954 580 1033 igitur
600 954 630 1012 in
651 954 745 1028 malis,
759 954 817 1012 hoo
836 963 935 1012 tamen
956 953 1028 1012 boni

236 1049 361 1108 mseouti
375 1050 514 1123 videmur,
528 1060 562 1108 ut
575 1070 610 1109 ea
622 1051 714 1109 literis
732 1050 946 1123 mandaremus,
962 1069 1029 1127 quae

235 1166 292 1205 neo
311 1146 381 1205 satis
400 1156 482 1204 erant
500 1157 568 1205 nota
580 1147 696 1220 nostris,
709 1158 740 1206 et
753 1157 836 1205 erant
856 1148 1029 1225 cognitione

236 1243 412 1320 dignissima.
460 1243 543 1305 Quid
564 1256 609 1302 est
628 1245 707 1302 enim
727 1243 792 1321 (per
813 1244 924 1324 Deosl)
946 1254 1028 1322 opta·

220 1436 358 1494 'meliust
379 1436 447 1512 quid
468 1436 584 1495 homine
597 1436 733 1514 digniusl
773 1436 861 1495 Hane
874 1436 965 1513 igitur
979 1436 1028 1513 qui

235 1543 383 1610 expetunt,
397 1532 560 1610 philosophi
576 1534 760 1591 nominantur
768 1553 777 1604 3
798 1533 1028 1610 necquidquam

236 1631 314 1689 aliud
335 1641 379 1689 est
397 1630 588 1707 philosophia,
602 1630 627 1688 si
649 1630 828 1706 interpretari
844 1630 922 1703 velis,
936 1649 1028 1706 quam

236 1727 362 1784 studium
390 1727 547 1803 sapientie.
590 1727 738 1803 Sapientia
760 1736 854 1784 autem
876 1736 921 1784 est
940 1725 992 1804 (nt
1012 1745 1029 1783 a

190 1834 222 1884 15
236 1824 379 1881 veteribus
398 1823 578 1900 philosophis
597 1823 747 1881 definitum
768 1824 826 1903 est)
840 1842 937 1882 rerum
956 1823 1029 1882 diri·

236 1938 339 1977 narum
357 1929 387 1977 et
407 1920 607 1992 humanarum,
626 1938 835 1996 causarumque
854 1920 961 1995 quibus
984 1923 1028 1980 ha

236 2034 282 2074 res
309 2016 504 2089 eontinentur,
532 2015 671 2091 spientim
705 2016 788 2093 eujus
821 2017 947 2076 studium
978 2017 1027 2094 qui

236 2113 386 2189 vituperat,
401 2112 477 2171 haud
492 2132 562 2172 sane
580 2113 721 2191 intelligo,
735 2113 871 2190 quidnam
885 2114 931 2186 sit,
946 2113 1026 2190 quod

235 2209 409 2268 laudandum
423 2219 513 2287 putet.
554 2210 585 2268 N
587 2230 643 2283 am,
654 2210 714 2269 sive
724 2210 879 2270 oblectatio
889 2212 1028 2286 quaeritur

189 2316 221 2368 20
237 2307 335 2379 animi,
355 2307 525 2383 requiesque
545 2326 697 2378 eurarum3
725 2327 789 2383 quae
810 2307 935 2365 conferri
957 2326 1026 2366 cum

236 2422 336 2461 eorum
357 2402 458 2461 studiis
476 2412 583 2479 potest,
598 2403 647 2478 qui
668 2422 780 2480 semper
801 2402 906 2479 aliquid
926 2402 1028 2479 anqui-

235 2508 312 2571 runt,
332 2499 409 2575 quod
431 2511 541 2577 spectet
561 2509 591 2557 et
610 2499 702 2557 valeat
727 2499 761 2557 ad
786 2500 861 2558 bene
884 2500 1026 2577 beateque

235 2595 408 2655 visenduml
462 2597 530 2654 Sive
557 2595 631 2654 ratio
658 2596 829 2655 constantia
855 2596 1025 2673 virtutisque

235 2690 367 2762 ducitur3
397 2702 446 2751 aut
474 2695 537 2751 heo
561 2712 607 2750 ars
633 2702 687 2765 est,
716 2704 765 2751 aut
790 2694 870 2752 nulla
894 2694 1023 2765 omnino,

188 2801 221 2852 25
235 2805 286 2864 par
319 2806 406 2863 quam
438 2807 487 2848 eus
520 2808 715 2865 assequamur.
773 2790 891 2848 Nullam
925 2790 1024 2849 dicere

236 2884 423 2944 maximarum
443 2903 539 2943 rerum
561 2897 651 2945 artem
664 2904 738 2959 esse,
752 2906 820 2945 oum
839 2886 1023 2945 minimarum

235 2980 299 3040 sine
326 2992 386 3041 arte
412 2983 491 3041 nulla
515 2982 564 3055 sit,
589 2983 737 3043 hominum
765 2993 808 3041 est
830 3002 933 3060 parum
956 3002 1022 3043 oon·
