2200 3492
29 216 32 235 f
111 202 206 264 um]
382 204 445 250 nn
466 205 612 252 cuncus.
890 198 946 257 187

111 351 301 430 Perspicuum
325 354 384 431 jem
404 365 456 427 est,
477 356 594 433 etquid
622 356 692 415 mihi
711 356 851 430 videatur,
872 367 902 415 et

111 468 176 524 quae
196 450 235 506 sit
256 450 331 508 inter
354 469 405 508 eos
430 452 626 528 philosophos,
648 472 719 528 quos
745 452 900 526 nominavi,

110 546 315 604 controversis.

148 737 266 796 XXIV.
287 738 378 797 Pecto
397 750 426 797 et
441 739 586 816 promisse
598 760 748 817 semperne
761 742 902 801 servande

108 835 180 908 sint,
205 855 269 911 qme
293 855 348 894 uec
372 836 399 894 vi
425 856 481 895 uec
507 837 573 896 dolo
596 838 671 897 meio
695 837 741 915 (ut
766 845 932 914 pretores5

108 933 221 1012 solent)
236 933 312 990 fectu
331 934 409 995 siuti
449 934 483 992 Si
502 934 566 1010 quis
584 935 726 993 medicem
745 944 827 993 ntum
841 935 902 993 cui·

108 1028 188 1104 piem
203 1027 315 1086 dederit
329 1029 365 1086 nd
380 1049 482 1104 aquom
497 1031 680 1102 intercutem,
691 954 899 1108 pepigeritque,

109 1143 147 1181 ne
162 1123 214 1182 illo
227 1124 439 1183 medicamento
459 1145 583 1202 unquam
596 1136 697 1202 postea
710 1136 853 1197 uteretur;
875 1127 899 1184 si

106 1239 145 1280 eo
172 1221 383 1279 medicamento
410 1241 496 1279 senus
523 1223 616 1280 factus
642 1223 739 1294 fuerit,
760 1233 790 1280 et
817 1223 900 1281 annis

108 1317 218 1392 aliquot
237 1330 302 1394 post
322 1318 457 1376 inciderit
476 1318 507 1376 in
524 1320 654 1376 eundern
680 1320 822 1391 morbum,
843 1337 899 1377 nec
915 1331 946 1380 10

108 1414 146 1472 ub
160 1432 206 1486 eo,
220 1414 336 1490 quicum
356 1415 515 1493 pepigerat,
529 1414 671 1491 impetret,
687 1425 718 1473 ut
738 1415 843 1475 iterum
862 1434 899 1473 eo

108 1511 198 1571 liceat
224 1512 276 1579 uti,
303 1510 372 1587 quid
397 1511 570 1595 [faciendum
597 1511 654 1569 siti
708 1511 783 1569 Cum
810 1511 848 1569 sit
874 1512 899 1570 is

110 1607 295 1679 inhumanus,
315 1608 444 1683 quinon
465 1608 606 1666 concedet
626 1608 678 1679 uti,
694 1626 750 1667 uec
770 1608 798 1666 ei
818 1608 900 1682 quid·

108 1723 196 1781 quem
210 1705 260 1763 fiet
274 1704 395 1781 injurie,
410 1705 475 1765 vitm
489 1714 518 1761 et
532 1705 617 1762 saluti
631 1704 851 1763 consulendum.

147 1801 252 1865 Quint
279 1801 304 1858 si
324 1802 388 1877 quis
408 1800 522 1876 sapiens
541 1811 659 1878 rogetus
678 1802 716 1859 sit
737 1802 772 1860 eb
792 1820 828 1859 eo
848 1802 896 1877 qui
913 1805 944 1853 15

107 1914 176 1956 eum
198 1897 340 1955 heredem
361 1898 458 1969 faciat,
474 1916 540 1956 cum
561 1899 588 1956 ei
609 1908 781 1957 testamento
796 1909 897 1957 sester-

109 1995 181 2057 tium
203 1994 307 2055 millies
327 1994 513 2070 relinquntur,
528 2004 560 2052 ut
582 2005 657 2066 ente,
671 2014 756 2070 quem
777 1995 897 2054 heredi·

109 2101 198 2150 tutem
226 2091 319 2161 adeat,
341 2090 409 2148 luce
432 2091 526 2167 palem
550 2091 581 2148 in
606 2091 668 2149 foro
694 2091 788 2162 saltet,
810 2093 896 2167 idque

108 2187 304 2259 seiactmum
323 2187 498 2263 promiserit,
518 2187 596 2262 quod
618 2187 699 2245 aliter
719 2205 785 2244 eum
810 2188 898 2244 here·

109 2283 174 2342 dem
204 2284 362 2359 scripturus
395 2284 444 2345 ilie
476 2302 535 2342 uon
569 2293 660 2353 esset;
695 2282 792 2353 faciat,
819 2284 896 2358 quod
911 2291 943 2341 20

108 2380 281 2457 promiserit,
304 2382 417 2438 necne?
472 2380 642 2438 Promisisse
667 2378 789 2450 nollem3
817 2390 846 2437 et
866 2380 896 2436 id

110 2477 230 2535 arbitror
251 2477 338 2535 fuisse
358 2477 513 2555 gravitatis.
556 2478 624 2549 Sed,
639 2475 775 2551 quoniam
794 2477 897 2552 promi·

108 2575 156 2646 sit,
184 2575 208 2632 si
233 2576 338 2632 saltere
365 2575 395 2633 in
423 2575 485 2632 foro
512 2585 594 2650 turpe
623 2574 720 2645 ducet,
748 2574 896 2632 honestius

109 2671 273 2742 mentietur,
294 2671 319 2728 si
345 2691 381 2729 ex
407 2672 575 2729 baereditete
601 2671 673 2728 nihil
701 2672 819 2747 ceperit,
840 2672 896 2729 nisi

109 2768 180 2827 forte
212 2786 277 2825 eem
310 2767 464 2843 pecuniam
496 2768 526 2824 in
558 2767 724 2842 reipublice
759 2786 895 2844 magnum
909 2772 941 2820 25

110 2863 223 2940 aliquod
244 2874 356 2940 tempus
376 2836 545 2934 couiulerit;
574 2874 606 2921 ut
625 2864 669 2921 vel
691 2864 794 2922 sultare
817 2883 894 2937 eum,

109 2978 175 3019 cum
189 2960 289 3037 pstrim
303 2961 487 3019 consulturus
500 2960 548 3033 sit,
563 2970 646 3037 turpe
659 2979 718 3019 non
731 2960 776 3017 sit.
