2200 3492
171 199 228 258 182
502 206 546 253 ue
568 206 712 254 omens.
908 206 1005 267 [um

213 365 398 426 mercaturus,
432 353 612 414 venditiones
644 354 859 413 fraudulentas?
901 342 1006 413 'Ecce

212 451 276 526 tibi,
301 451 349 527 qui
377 471 426 509 rer
452 452 551 528 populi
578 451 704 510 Romani
728 451 918 526 dominusque
941 470 1006 508 om·

213 548 293 605 nium
307 548 435 626 gentium
450 567 514 605 esse
527 548 718 625 concupierit,
734 548 820 623 idque
837 548 1002 623 perfecerit

214 644 301 702 Hane
328 643 513 720 cupiditatem
534 644 558 702 si
580 645 728 702 honestam
748 644 813 719 quis
832 662 896 701 esse
917 643 1003 714 dicit,

183 750 312 798 {inmens
343 751 401 797 est:
435 742 538 817 probat
571 741 648 797 enim
682 741 777 819 legum
805 750 835 796 et
861 740 1004 798 libertatis

213 836 369 907 interitum,
397 854 552 910 earumque
586 836 801 912 oppressionem
834 846 937 893 tetrarn
971 847 1003 893 et

213 933 421 1004 detestabilem,
436 932 589 1009 gloriosam
603 941 691 1009 putat.
730 932 793 995 Qui
816 942 910 989 autern
932 933 1002 991 sate-

214 1040 269 1102 tur‚
297 1029 447 1086 honesturn
481 1047 539 1086 non
573 1047 646 1100 esse,
674 1029 704 1086 in
731 1029 765 1087 eri
794 1029 910 1086 civitate
937 1048 1002 1104 quae

214 1125 305 1189 libera
324 1125 386 1196 snit,
401 1145 521 1201 qumque
541 1144 604 1182 esse
624 1125 737 1198 debeat,
752 1144 883 1201 regnare,
897 1126 947 1182 sed
961 1127 1000 1196 ei,

170 1234 201 1284 ιο
214 1222 263 1296 qui
277 1222 306 1278 id
321 1222 415 1279 facere
428 1221 524 1299 possit,
539 1241 603 1278 esse
623 1221 709 1291 utile;
731 1223 787 1296 quui
810 1223 887 1278 hunc
906 1221 1001 1297 objur-

214 1319 340 1396 gatione,
356 1330 404 1375 aut
423 1337 481 1394 quo
500 1320 597 1394 potius
617 1319 758 1389 convicio,
771 1338 790 1375 a
802 1329 883 1375 tanto
902 1336 1000 1375 errore

214 1417 307 1472 coner
324 1415 464 1475 avellere?
505 1415 603 1472 Potest
616 1416 693 1472 enirn
709 1415 773 1493 (Dii
794 1414 999 1492 immortales!)

214 1511 348 1588 cuiquam
373 1531 436 1569 esse
462 1512 531 1569 utile
559 1511 746 1569 soedissimurn
768 1521 799 1569 et
821 1511 999 1569 teterrimum

213 1608 399 1684 parricidium
426 1609 541 1684 patriae3
570 1607 699 1684 quamvis
719 1608 753 1678 is,
774 1607 822 1682 qui
843 1625 874 1664 se
894 1621 931 1664 eo
950 1607 1000 1664 ob

171 1704 368 1775 restrinxerit,
391 1705 426 1761 ab
446 1705 589 1780 oppressis
608 1703 721 1761 civibus
741 1703 849 1761 Parens
873 1703 1000 1762 nomine·

214 1801 279 1857 turi
334 1799 492 1857 Honestate
519 1801 607 1878 igitur
634 1800 784 1878 dirigende
812 1800 919 1858 utilitas
945 1812 998 1872 est,

213 1905 243 1952 et
261 1894 376 1970 quidem
405 1896 457 1967 sie,
479 1906 511 1952 ut
530 1896 594 1954 haee
613 1896 672 1954 duo
692 1897 778 1955 uerbo
797 1897 872 1954 inter
892 1915 924 1954 se
943 1896 1000 1953 dis·

212 2009 341 2066 crepare,
355 2008 386 2047 re
400 2002 496 2049 tamen
511 2011 599 2049 unum
614 2011 727 2064 sonere,
742 1992 899 2052 videantur.

252 2086 321 2145 Non
342 2087 444 2156 habeo,
467 2089 501 2145 nd
522 2088 599 2167 vulgi
627 2089 802 2165 opinionem,
822 2109 885 2165 quae
912 2090 999 2167 major

167 2196 199 2245 ω
214 2184 331 2257 utilitas,
345 2204 429 2260 quarn
444 2187 593 2261 regnandi,
608 2205 672 2243 esse
683 2187 790 2262 possit:
812 2186 883 2244 nihil
897 2197 999 2244 contre
1082 2232 1083 2265 ,

214 2281 343 2340 inutilius
353 2281 391 2352 ei,
402 2282 451 2357 qui
466 2282 493 2338 id
509 2282 614 2358 injuste
627 2294 802 2341 consecutus
815 2283 862 2355 sit,
872 2283 998 2356 invenio,
1080 2336 1082 2387 l

211 2379 329 2437 eumad
343 2378 491 2436 veritatem
506 2379 580 2456 coepi
595 2399 729 2439 revocare
744 2379 891 2438 rationem.
932 2380 1000 2438 Pos-
1080 2400 1081 2421 ¹

210 2484 279 2531 sunt
298 2474 376 2532 enim
397 2475 529 2550 cuiquam
545 2495 614 2533 esse
634 2476 719 2534 utiles
739 2495 871 2554 angores,
891 2476 999 2534 sollici·

211 2570 336 2643 tudines,
357 2571 452 2627 diurni
473 2582 502 2628 et
522 2572 658 2630 nocturni
679 2583 782 2645 metus,
803 2572 862 2631 vita
883 2573 999 2630 insidia-

166 2679 198 2727 m
211 2685 274 2723 rum
288 2667 539 2742 periculorumque
550 2667 738 2744 plenissima?

1079 2432 1081 2481 1

1079 2486 1080 2537 i

1078 2544 1080 2593 Ι

1078 2606 1079 2657 i

1077 2664 1079 2723 i

231 2818 247 2845 ‘⁶
255 2812 331 2862 num
342 2813 420 2875 iniqui
431 2821 504 2876 ΜΗΘ
515 2814 630 2865 ἱῑὶῆἆθῐθ·
639 2830 726 2882 tegno,
736 2818 810 2880 pauci
821 2825 881 2866 sunt
891 2820 976 2880 boni,''

212 2954 436 3033 inquictudine
480 2957 520 3016 At
540 2958 588 3016 cui
609 2960 718 3037 regno?
737 2959 824 3034 quod,
840 2959 996 3018 sTuntslo
