2200 3492
82 164 86 170 ’
167 177 225 237 146
499 186 543 233 ne
565 184 712 234 orrrcus.
907 184 1001 246 [niu.

212 336 361 398 venienter
388 346 497 394 neturae
524 335 649 408 rivere,’'
679 334 708 393 id
736 334 823 393 hebet
856 333 944 406 hene,
971 346 1002 393 ut

211 432 323 509 opinor,
338 434 520 505 sententiam,
536 451 604 490 eum
624 433 729 490 virtute
749 450 910 509 congruere
931 450 1003 489 sem·

211 547 281 607 per;
317 540 422 586 enters
449 538 556 601 autern,
583 547 647 604 quse
676 528 837 585 seeundum
870 537 1003 586 naturam

211 635 319 697 essent,
334 626 374 683 ita
393 626 499 703 legere,
514 625 539 683 si
553 645 588 682 en
601 626 700 684 virtuti
718 643 777 683 non
799 636 1002 702 repugnarent
1024 624 1027 629 ’

179 721 303 784 snuod
327 741 393 785 eum
416 723 456 780 ita
476 723 523 791 sit,
543 732 647 799 putent
673 722 800 797 quidem,
822 722 898 780 hono
926 741 1003 779 eorn-

211 820 391 895 parationem
411 839 471 877 non
491 830 571 878 reete
592 819 795 892 introductam,
812 838 868 876 nee
884 820 1004 877 omnino

212 915 250 973 de
272 934 309 974 eo
334 935 441 993 genere
468 917 623 992 quidquam
651 916 876 995 praecipiendum
905 916 1002 974 fuisse.

212 1014 310 1091 Atque
338 1013 408 1072 illud
443 1011 559 1090 quidem
594 1014 757 1085 honestum,
785 1014 862 1088 qnod
889 1014 1004 1092 proprie

211 1130 334 1187 vereque
348 1111 463 1182 dieitur,
479 1112 508 1169 id
523 1111 552 1168 in
567 1110 744 1188 sapientibus
758 1120 801 1167 est
815 1110 894 1180 solis,
908 1129 1003 1187 neque

165 1203 196 1285 ¹.⁰
213 1207 347 1265 evinute
360 1207 456 1265 divelli
477 1225 603 1282 unquam
623 1216 734 1282 potest;
757 1206 787 1263 in
802 1205 836 1262 iis
851 1216 958 1277 sutem,
974 1206 1002 1263 in

211 1304 316 1379 quibus
335 1304 477 1379 sapientie
496 1304 627 1380 perfecte
653 1322 711 1361 non
738 1314 791 1375 est,
813 1302 907 1378 ipsum
932 1301 1002 1359 illud

212 1401 329 1475 quidem
348 1400 509 1477 perfeetum
529 1402 683 1459 honesturn
697 1400 779 1458 nullo
792 1401 889 1472 modo¹
905 1399 1002 1457 simili·
1052 1392 1054 1395 ’

211 1497 328 1556 tudines
341 1498 455 1555 honesti
469 1517 533 1556 esse
546 1508 675 1573 possunt.

251 1594 325 1653 Haee
346 1595 423 1653 enirn
444 1595 541 1653 omnia
562 1594 668 1666 officio,
683 1590 838 1669 dequibus
856 1594 902 1652 his
920 1593 1004 1652 libris

164 1688 195 1737 15
212 1691 400 1767 disputamus,
421 1692 518 1750 media
538 1692 633 1750 Stoici
654 1691 808 1767 appellant.
859 1690 903 1748 Ea
925 1709 1005 1749 eorn-

210 1787 311 1846 munie
324 1801 400 1860 sunt,
415 1798 443 1845 et
458 1789 515 1847 late
534 1798 650 1864 patent;
672 1807 736 1864 qnae
749 1798 779 1845 et
795 1788 904 1864 ingenii
922 1789 1003 1846 boni-

210 1894 269 1940 tate
283 1883 366 1942 multi
387 1895 588 1960 assequuntur,
602 1896 631 1945 et
645 1886 844 1962 progressione
860 1885 1002 1943 discendi.

210 1980 399 2038 illudentem
420 1981 558 2053 officium,
574 1982 649 2057 quod
670 1991 782 2040 rectum
803 1982 890 2058 iidem
909 1981 1004 2058 appel·

208 2076 281 2147 lant,
291 2076 451 2152 perfeetum
468 2087 552 2153 atque
568 2077 729 2136 absolutum
744 2088 797 2150 est,
809 2089 838 2136 et
853 2076 900 2156 (ut
914 2078 1003 2135 iidem

160 2172 195 2220 2⁰
211 2172 325 2254 dicunt)
347 2192 448 2232 omnes
468 2192 606 2232 numeros
626 2175 728 2246 hebet;
750 2194 817 2247 neo,
835 2158 945 2251 preter
960 2195 1004 2243 sa·

209 2269 347 2358 pientem,
376 2269 480 2339 eadere
509 2271 537 2329 in
566 2290 737 2348 quemquern
769 2282 869 2349 potest.
898 2288 900 2301 ⁴
924 2271 1003 2330 Cum

209 2377 308 2425 sutem
329 2367 436 2443 aliquid
458 2376 556 2425 notrum
577 2376 632 2439 est,
653 2369 682 2425 in
704 2388 761 2444 quo
784 2369 880 2426 medin
906 2369 1005 2427 offieie

207 2474 405 2539 eompnreant‚
417 2464 447 2521 id
461 2464 608 2522 cumulate
621 2465 734 2523 videtur
748 2485 811 2523 esse
823 2467 1002 2541 perfeetum3

208 2566 361 2636 'propterea
386 2561 462 2636 quod
490 2561 603 2637 vulgus,
628 2563 696 2638 quid
725 2562 799 2621 absit
824 2582 840 2620 a
862 2563 1002 2639 perfeeto,
1091 2590 1092 2595 ¹

163 2658 196 2707 et
210 2675 268 2713 non
295 2655 354 2715 fere
382 2656 532 2735 intelligit;
561 2659 704 2734 qudtsnus
732 2669 828 2717 autem
856 2658 1002 2738 inteiligit,

211 2752 282 2811 nihii
303 2763 385 2830 putat
407 2755 639 2829 pretermissum.
680 2756 771 2818 Quod
793 2757 862 2815 item
883 2758 913 2815 in
932 2763 1003 2834 poe-

211 2838 336 2908 matibus
356 2860 385 2907 et
404 2849 526 2925 picturis
545 2870 600 2909 usn
621 2852 708 2924 venit,
729 2852 759 2910 in
783 2852 1004 2929 aliisqueeorn·

211 2945 350 3023 pluribus,
365 2957 396 3005 ut
417 2946 597 3006 delectentur
618 2949 754 3027 imperiti,
770 2948 946 3026 laudentque
968 2970 1003 3008 ea
