2200 3492
161 160 217 221 lec
494 174 541 226 nn
560 143 707 221 omrem.
906 166 999 229 [nm

203 332 303 381 utres
330 322 491 383 nummuriu
516 323 555 382 de
582 322 729 383 communi
755 320 904 380 sententiat
934 336 1007 378 con·

204 420 376 479 stitueretur.
433 419 604 479 Jactubatur
630 420 708 478 enirn
735 419 917 495 temporibus
946 416 1005 475 illis

203 535 347 589 nummus,
362 517 415 585 sic,
429 527 463 575 ut
474 535 561 575 neruo
574 527 671 595 posset
683 517 770 588 scire,
782 516 851 592 quid
865 516 1003 573 heberet

203 612 443 689 Conscripserunt
457 614 649 673 cummuniter
667 614 807 685 edictum,
822 632 890 672 cum
911 611 1004 688 poend

171 700 187 766 5
203 720 286 785 atque
297 710 423 786 judici03
445 711 724 786 constitueruntque,
739 722 771 768 ut
784 729 888 769 ornnes
911 707 1002 767 simul

202 805 232 862 in
252 805 362 865 Rostra
380 817 445 883 post
458 807 607 867 meridiem
622 807 829 867 escenderent:
850 817 880 865 et
896 806 1002 865 caeteri

200 900 316 977 quidem
338 904 410 962 nlius
428 904 502 974 uli03
524 903 636 962 Murius
651 923 668 961 a
681 903 869 964 subselliisin
883 903 1003 961 Rostra
1080 906 1081 923 ¹

201 999 297 1070 rectri3
332 1000 428 1078 idque,
461 1001 539 1077 quod
573 1001 765 1060 communiter
799 1000 1000 1076 compositum

201 1095 303 1167 iuerat,
328 1097 407 1154 solus
430 1097 527 1156 edixit.
569 1097 608 1156 Et
631 1115 737 1156 eures
761 1096 800 1174 (si
824 1097 948 1177 qnaeris)
971 1096 1000 1153 ei
1081 1138 1082 1143 η

155 1198 186 1248 10
199 1209 306 1268 magno
326 1193 426 1250 honori
450 1193 520 1251 suit:
547 1193 682 1255 omnibus
709 1194 781 1251 vicis
808 1204 930 1265 stetuae3
961 1192 998 1250 ad

198 1305 249 1343 eus
262 1288 338 1359 thus,
354 1298 383 1346 et
396 1288 482 1346 cerei.
523 1288 607 1351 Quid
626 1289 737 1349 multet
757 1308 844 1348 nemo
863 1307 997 1366 unquam

200 1384 376 1445 multitudini
390 1385 444 1443 tirit
458 1385 561 1443 uerior.

240 1481 314 1540 Huc
334 1493 411 1555 sunt,
425 1502 488 1559 quae
507 1483 682 1541 conturbent
695 1482 825 1542 homines
839 1483 870 1542 in
884 1483 996 1543 delibe·

200 1578 312 1637 ratione
338 1598 556 1656 nonnunqunm3
580 1598 647 1638 cum
671 1580 711 1648 id,
733 1579 765 1638 in
787 1599 845 1655 quo
869 1581 996 1640 violatur
1081 1622 1082 1625 η

154 1683 186 1732 15
201 1675 329 1751 aeqnitas,
343 1694 403 1735 non
417 1677 458 1735 itu
471 1696 624 1755 mugnum3
646 1677 717 1736 illud
739 1688 845 1750 eutem,
860 1680 941 1753 quod
958 1697 997 1737 ex

200 1789 236 1829 eu
248 1773 368 1846 paritur,
382 1791 582 1851 permagnum,
597 1774 725 1832 uidetur:
747 1787 779 1832 ut
799 1773 906 1846 Murio,
919 1794 996 1851 prae·

200 1867 293 1942 ripere
327 1868 447 1946 collegis
480 1879 509 1927 et
540 1870 665 1929 tribunis
698 1870 791 1947 plebis
822 1871 993 1948 popularem

199 1963 331 2039 gretiam,
352 1983 411 2023 non
432 1965 473 2023 itu
492 1977 592 2042 turpe3
614 1968 763 2025 consulem
782 1969 823 2026 cb
842 1986 908 2027 eam
927 1988 992 2028 rem

199 2059 271 2131 fieri,
299 2062 376 2136 quod
404 2062 459 2120 sibi
482 2073 556 2121 tunc
570 2075 779 2141 (proposuerat,
807 2065 889 2123 valde
917 2067 992 2124 utile

152 2160 185 2210 20
199 2155 357 2215 videbatur.
398 2159 457 2217 Sed
479 2160 609 2218 omnium
629 2181 688 2219 una
707 2163 809 2240 regule
827 2174 881 2235 est,
902 2183 991 2239 quarn

199 2252 252 2309 tibi
266 2253 351 2330 cupio
365 2273 428 2313 esse
442 2255 639 2314 notissimam:
662 2268 711 2315 aut
730 2258 811 2330 illud,
826 2260 902 2334 quod
917 2261 991 2318 utile

199 2348 321 2421 videtur,
336 2361 418 2426 turpe
432 2370 469 2409 ne
483 2352 536 2422 sit3
559 2362 617 2420 cut,
633 2353 657 2410 si
678 2364 761 2430 turpe
775 2366 828 2426 est,
842 2374 880 2413 ne
894 2356 991 2415 videa·

199 2454 245 2502 tur
266 2464 329 2503 esse
349 2447 428 2505 utile.
482 2448 564 2510 Quid
593 2449 700 2527 igitur?
726 2469 917 2527 possumusne
940 2458 997 2511 uut‘

200 2540 280 2597 iilum
295 2541 419 2601 Marium
434 2544 526 2603 virum
543 2546 650 2603 bonum
668 2547 810 2623 judicare,
826 2559 875 2606 aut
888 2549 988 2608 hunc?

152 2651 185 2701 25
199 2634 433 2715 Explicnntque
459 2650 563 2698 excute
590 2642 809 2720 intelligentium
839 2655 928 2719 tuum,
956 2658 989 2704 ut

200 2732 308 2805 videus,
328 2753 391 2809 quae
412 2736 450 2793 sit
469 2736 500 2795 in
519 2737 556 2794 ed
576 2738 698 2814 species,
720 2741 821 2814 forms,
842 2752 872 2799 et
894 2742 987 2815 notio,

200 2829 253 2887 viri
272 2830 348 2888 boni.
389 2831 477 2890 Cadit
496 2851 567 2910 ergo
582 2835 718 2894 invirum
738 2838 856 2910 bonnm,
870 2839 987 2897 mentiri

200 2927 386 2987 emolumenti
419 2927 468 2987 sui
498 2932 598 3005 coust,
632 2933 790 3006 criminari,
823 2934 986 3011 preripere,
