2200 3492
10 9 290 118 *Γ

73 247 104 292 a.
117 246 151 306 1.]
375 245 418 291 na
440 244 587 291 omens.
879 229 916 288 51

71 393 259 453 aduersarios
272 393 478 464 existimemus,
492 391 542 468 qui
557 410 636 450 arma
649 401 750 450 eontra
763 389 872 460 feraut;

70 508 137 550 non
145 510 206 562 eos,
216 491 335 567 quisue
342 490 454 566 judicio
463 488 538 547 tueri
548 487 756 564 rempublicam
766 487 871 558 velint;

73 589 173 665 qualis
197 588 252 646 luit
271 588 348 646 inter
367 586 400 645 P.
415 586 590 645 Africanum
610 595 639 643 et
657 585 698 647 Q.
720 583 872 643 Metellum

73 686 144 743 sine
157 676 318 745 acerbitate
331 683 480 743 dissensio.

117 781 187 839 Nee
214 800 282 839 vero
304 780 450 865 audiendi,
472 779 521 855 qui
545 779 669 857 graviter
689 779 902 837 trascendunt

75 878 208 936 inimicis
221 879 374 954 putabunt,
390 877 476 952 idque
490 876 666 954 magnanimi
680 887 709 933 et
723 876 805 934 sortis
818 875 871 934 viri

75 994 143 1033 esse
167 976 338 1033 censebunt.
378 973 462 1032 Nihil
489 973 567 1030 enim
594 973 777 1045 laudabilius,
798 972 871 1031 nihil

76 1090 188 1149 magno
200 1082 230 1129 et
247 1071 387 1147 praeclaro
401 1070 462 1127 uiro
482 1069 607 1147 dignius,
622 1069 816 1147 placabilitate
830 1079 873 1127 at-

75 1188 133 1245 que
153 1167 321 1226 clementii.
362 1167 398 1225 Iu
424 1166 522 1225 liberis
547 1186 616 1224 vero
638 1166 760 1243 populis,
783 1177 814 1224 et
840 1166 871 1225 in

74 1265 148 1342 juris
169 1264 374 1340 aequabilitate,
388 1263 551 1322 exercenda
570 1263 658 1321 etiam
671 1274 715 1322 est
736 1263 870 1336 facilitas,
886 1268 917 1319 to

77 1372 107 1419 et
128 1346 253 1421 altitudo
274 1360 373 1433 animi,
387 1380 452 1436 que
469 1360 592 1431 dieitur3
612 1379 661 1432 ne,
674 1360 699 1417 si
713 1359 871 1418 irascamur

79 1468 132 1516 aut·
149 1457 351 1533 intempestive
375 1456 592 1528 accedentibus,
614 1466 664 1514 aut
690 1456 871 1532 impudenter

77 1555 260 1632 rogantibus,
270 1553 300 1611 in
309 1553 505 1612 morositatem
514 1552 647 1611 inutilem
655 1552 819 1611 etodiosam
829 1551 872 1609 iu·

79 1652 220 1709 cidamus.
252 1649 292 1708 Et
305 1659 402 1709 umen
415 1649 456 1708 ita
468 1650 618 1727 probanda
628 1659 671 1708 est
681 1649 872 1708 mansuetudo

11 1802 20 1823 ,
79 1759 165 1824 amne
179 1746 345 1819 elementia,
356 1757 388 1805 ut
402 1747 582 1819 adhibeatur,
593 1746 761 1823 reipublice
772 1746 870 1820 causi,
886 1748 917 1800 15

78 1845 227 1917 severitas,
239 1844 302 1903 siue
311 1840 369 1920 qud
380 1843 574 1903 administrari
585 1843 687 1902 civitas
697 1863 756 1902 nou
766 1854 868 1922 potest.

116 1941 225 2000 Omnis
235 1952 330 2000 autem
341 1952 370 2000 et
381 1940 590 1999 animadversio
599 1951 629 1998 et
639 1941 791 2018 castigatio
802 1961 872 2001 con·

79 2039 199 2098 tumelid
213 2057 317 2096 vacare
331 2038 433 2096 debet:
455 2057 549 2113 neque
559 2038 593 2095 ad
608 2037 679 2114 ejus,
691 2038 739 2113 qui
752 2039 871 2114 punitur

81 2136 215 2212 aliquem,
232 2146 281 2193 aut
300 2135 396 2193 verbis
416 2135 547 2212 castigat,
565 2134 616 2192 sed
637 2135 674 2192 ad
693 2136 869 2212 reipublice,

15 2262 18 2319 ἱ
80 2232 232 2293 utilitatem
248 2231 356 2290 referri.
883 2227 917 2278 2⁰

117 2329 290 2387 Cavendum
313 2338 357 2387 est
380 2329 478 2400 etiarn,
500 2347 538 2386 ne
562 2329 652 2405 major
675 2346 761 2405 poena
784 2347 870 2404 quam

18 2462 20 2507 p
81 2427 164 2505 culpa
184 2427 239 2495 sit;
261 2435 290 2483 et
310 2444 357 2497 ne,
372 2426 475 2483 iisdem
495 2425 532 2482 de
553 2426 659 2497 causis,
675 2424 724 2483 alii
743 2426 871 2502 plectan-

81 2532 134 2594 tur,
149 2523 199 2581 alii
213 2541 252 2580 ne
267 2523 444 2597 appellentur
459 2522 584 2597 quidem.

117 2618 304 2678 Prohibenda
317 2628 411 2676 autem
423 2619 546 2677 maxime
557 2631 601 2677 est
612 2620 654 2677 ira
664 2619 695 2677 in
704 2618 870 2695 puniendo:

82 2734 226 2792 nunquam
254 2714 344 2786 enim,
366 2715 455 2773 iratus
477 2714 526 2791 qui
548 2716 669 2774 accedet
689 2717 725 2773 ad
744 2736 869 2792 poenam,
884 2725 916 2774 ab

83 2813 308 2872 mediocritatem
318 2811 395 2869 illam
407 2813 526 2884 tenebit,
535 2832 599 2888 quae
610 2823 653 2870 est
664 2813 738 2870 inter
749 2813 870 2871 nimium

85 2919 111 2966 et
134 2927 254 2986 parum3
277 2926 340 2983 quae
366 2907 462 2984 placet
487 2908 705 2984 Peripateticis3
736 2920 765 2968 et
791 2920 872 2968 recte

85 3005 184 3082 placet,
203 3005 293 3064 modo
312 3023 351 3063 ne
370 3004 521 3063 laudarent
540 3005 731 3079 iracundiam,
745 3016 774 3063 et
794 3005 872 3064 dice·
