2200 3492
71 243 156 306 nu]
367 246 410 295 us
432 247 579 294 orsrcus.
860 236 917 297 127

71 396 240 472 eloquentia
259 398 461 473 praestabilius,
476 399 520 457 vel
541 398 733 457 admiratione
754 396 873 459 audien·

71 492 155 564 tium,
167 493 212 549 vel
228 513 279 569 spe
294 494 499 572 indigentium,
510 495 556 553 vel
570 514 681 567 eorum,
695 494 745 572 qui
758 493 872 555 defensi

71 599 149 662 sunt,
178 591 295 668 gratidl
336 591 417 649 Huic
444 611 559 668 quoque
585 610 655 670 ergo
677 612 695 651 a
714 592 872 670 maJoribns

72 688 178 745 nostris
193 698 248 760 est,
264 688 295 746 iu
312 689 393 766 togti,
408 689 559 767 dignitatis
577 689 758 766 principatus
777 689 871 748 datus.

72 783 184 842 Diserti
206 784 295 862 igitur
310 785 444 858 hominis,
460 796 489 843 et
503 786 588 844 facile
601 786 769 858 laborantis,
783 786 873 863 quod·
886 791 903 841 5

71 901 126 958 qne
142 882 173 939 in
194 882 297 959 patriis
317 892 361 940 est
381 883 521 955 moribus,
537 883 696 942 multorum
716 902 829 955 causas,
843 893 874 940 et

71 998 131 1037 non
146 989 275 1056 gravate,
291 989 320 1037 et
333 980 460 1057 gratuito
478 980 672 1053 defendentis,
688 980 830 1038 beneficia
842 989 873 1038 et

71 1076 239 1155 patrocinia
252 1076 310 1134 late
324 1086 432 1153 patent.

112 1175 303 1232 Admonebat
322 1192 368 1231 me
388 1193 444 1246 res,
459 1184 491 1233 ut
503 1174 562 1233 hoc
576 1194 692 1251 quoquo
706 1175 772 1233 loco
787 1173 874 1233 inter·

73 1270 242 1329 missionem
263 1271 447 1347 eloquentie,
468 1291 506 1330 ne
527 1271 624 1330 dicam
645 1272 803 1343 interitum,
824 1273 873 1330 de·
888 1278 919 1328 10

72 1368 234 1444 plorarem;
269 1368 301 1426 ni
328 1387 452 1442 vererer,
479 1387 517 1427 ne
549 1368 586 1426 de
620 1369 730 1446 meipso
764 1369 874 1444 aliquid

73 1465 186 1527 uiderer
221 1465 313 1541 queri.
373 1466 432 1525 sad
467 1476 566 1524 tamen
599 1465 740 1538 videmus,
768 1467 875 1541 quibus

74 1563 226 1623 exstinctis
236 1562 409 1635 oratoribus,
420 1582 507 1639 qnam
522 1563 552 1621 in
566 1563 668 1640 paucis
678 1581 754 1640 spes,
765 1574 875 1639 quanto

73 1661 102 1719 in
118 1660 309 1738 paucioribus
330 1660 462 1732 facultas,
477 1680 564 1737 quam
579 1661 609 1718 in
624 1660 722 1718 multis
736 1660 773 1720 sit
788 1642 875 1719 auda·

74 1758 126 1816 cia.
170 1757 249 1815 Cum
271 1768 367 1815 autem
388 1776 490 1815 omnes
509 1777 570 1816 non
589 1757 712 1835 possint,
731 1777 768 1816 ne
790 1759 872 1817 multi
890 1760 921 1809 15

73 1855 201 1932 quidem,
228 1864 278 1917 aut
301 1854 460 1931 jurisperiti
486 1874 550 1913 esse
579 1865 628 1914 aut
652 1855 767 1928 diserti;
802 1856 873 1915 licet

73 1963 169 2011 tamen
182 1952 274 2029 operti
287 1953 424 2029 prodesse
437 1952 545 2025 multis,
558 1953 702 2013 beneficia
714 1965 871 2031 petentem,

73 2050 329 2109 commendantem
346 2049 496 2127 judicibus
510 2062 540 2110 et
559 2051 786 2128 magistratibus,
801 2052 873 2130 vigi·

73 2147 180 2205 lentem
201 2165 255 2223 pro
277 2166 308 2205 re
329 2146 456 2219 alterius,
471 2165 522 2204 eos
544 2146 633 2223 ipsos,
657 2147 706 2224 qui
730 2159 779 2207 aut
802 2167 873 2206 con·

73 2245 207 2301 solantur
237 2254 286 2323 aut
313 2243 484 2315 defendunt,
510 2255 679 2321 rogantem3
714 2245 792 2321 quod
821 2244 871 2319 qui
887 2254 920 2304 2⁰

74 2340 195 2408 faciunt,
217 2339 375 2416 plurimum
394 2340 495 2418 gratiae
516 2351 745 2417 consequuntur,
767 2339 872 2399 latissi-

74 2456 175 2515 meque
190 2456 293 2494 eorum
308 2448 405 2495 manat
419 2436 580 2496 industria„¹

109 2535 179 2593 darn
202 2534 274 2592 illud
295 2554 354 2592 non
375 2546 442 2594 sunt
463 2534 649 2607 admonendi,
667 2533 725 2612 (est
744 2535 823 2595 enirn
841 2528 891 2596 in'

74 2634 224 2712 promptu)
240 2641 272 2689 ut
288 2632 415 2690 animum
431 2632 590 2705 advertant,
605 2652 672 2690 curn
683 2632 784 2709 juvare
799 2634 872 2694 ulios

76 2730 171 2800 uelint,
188 2747 226 2786 ne
241 2747 314 2803 quos
335 2729 489 2787 offendant.
540 2730 626 2806 Saepe
647 2729 726 2788 enim
749 2743 798 2790 aut
820 2751 871 2790 eos
887 2741 919 2790 25

75 2824 181 2884 laedunt
202 2845 275 2901 quos
296 2845 355 2883 non
376 2826 492 2899 debent,
511 2837 560 2884 aut
580 2846 631 2885 eos
651 2847 724 2903 quos
744 2848 803 2887 non
823 2847 873 2887 ex·

75 2923 150 2999 pedit
159 2943 167 2994 ;
189 2922 215 2980 si
236 2918 443 2999 imprudentes,
457 2924 643 3002 negligentiae
655 2936 717 2996 est3
739 2926 764 2983 si
777 2925 871 2983 scien·

76 3028 127 3094 tes,
137 3019 320 3078 temeritatis.
360 3019 508 3080 Utendum
521 3021 610 3080 etiam
623 3031 668 3081 est
681 3021 869 3080 excusatione
