2200 3492
153 233 193 291 44
265 202 268 207 ’
488 238 532 288 nu
551 241 697 288 currens.
915 244 987 304 [ut

199 391 253 450 bus
266 402 370 469 egent3
391 400 421 448 et
440 390 518 466 quia,
532 391 557 449 si
577 391 647 466 quid
666 389 777 448 adversi
791 390 915 463 eveniat,
929 399 989 451 tarn

198 488 323 566 graviter
351 488 456 545 cadere
484 507 545 546 non
571 498 700 564 possunt.
739 486 902 560 Quocirca,
930 507 990 546 nou

199 585 262 643 siue
276 584 365 643 causa
378 585 500 661 majores
514 594 608 645 motus
619 586 780 642 animorum
794 585 989 657 concitantur,

199 682 364 758 majoraque
383 682 546 754 efficienda,
574 682 780 758 rempublicam
811 670 990 759 gerentibus,

168 786 185 834 5
199 797 284 855 quam
299 779 420 854 quietis;
442 797 499 855 quo
512 778 605 856 magis
618 778 664 835 his
678 789 707 836 et
720 779 889 855 magnitudo
900 778 990 837 animi

199 885 243 933 est
258 876 429 947 adhibenda,
445 885 474 932 et
488 870 617 933 vacuitas
632 876 668 933 ab
683 876 846 954 angoribus.
906 890 908 895 ’

239 972 287 1029 Ad
307 991 368 1029 rem
388 972 544 1051 gerendam
566 962 661 1030 autem
674 973 724 1048 qui
739 973 862 1045 accedit,
877 984 990 1044 caveat,

199 1087 237 1127 ne
251 1069 281 1126 id
295 1069 381 1126 modo
396 1069 570 1141 consideret,
585 1089 670 1143 quaro
684 1069 734 1128 illa
746 1088 793 1126 res
807 1068 928 1127 honesta
941 1070 990 1141 sit,

199 1165 250 1222 sed
272 1164 369 1238 etiam,
391 1175 423 1223 ut
444 1166 549 1223 habeat
570 1165 715 1223 efficiendi
737 1164 911 1224 facultatem.
953 1165 991 1224 In

155 1272 185 1321 10
200 1280 257 1335 quo
276 1261 338 1337 ipso
359 1262 601 1320 considerandum
622 1271 675 1334 est,
689 1281 728 1319 ne
743 1271 792 1321 aut
802 1272 912 1321 temere
926 1262 992 1320 des·
1040 1257 1042 1260 ⁴

199 1369 289 1434 peret,
303 1369 418 1435 propter
433 1358 587 1441 ignauiam,
600 1370 648 1417 aut
662 1359 749 1418 nimis
760 1360 895 1433 confidat,
906 1378 992 1437 prop-

92 1516 100 1527 ,
199 1464 242 1513 ter
270 1455 466 1532 cupiditatem.
507 1454 543 1513 In
569 1456 703 1515 omnibus
731 1467 826 1515 antem
853 1458 990 1535 negotiis,

198 1553 288 1629 prius,
303 1572 388 1629 quam
400 1539 582 1631 aggrediare,
591 1553 753 1612 adhibenda
762 1569 806 1611 est
818 1554 991 1631 praeparatio

200 1638 363 1728 diligens.x
858 1660 860 1663 '

156 1859 186 1907 15
240 1842 341 1900 xxii.
362 1843 432 1915 sea,
448 1862 515 1901 cum
534 1824 664 1919 prerrqie
686 1845 857 1903 arbitrentur
870 1842 917 1902 res
930 1844 991 1902 ber.

201 1938 272 1996 licas
293 1939 416 2014 majores
437 1958 597 2018 essequam
614 1941 753 2011 urbanas3
775 1941 932 1999 minuenda
945 1952 991 2000 est

202 2037 264 2093 haec
277 2035 383 2112 opinio.
426 2035 512 2094 Multi
533 2036 611 2095 enim
631 2038 708 2095 bella
727 2057 802 2114 saepe
815 2038 992 2114 quaesierunt

200 2143 314 2208 propter
335 2132 434 2209 gloriae
453 2133 658 2209 cupiditatem;
681 2145 767 2209 atque
786 2135 814 2191 id
833 2136 861 2193 in
876 2134 991 2213 magnis

203 2226 305 2286 animis
327 2229 507 2306 ingeniisque
529 2231 698 2307 plerumque
720 2231 873 2308 contingit,
896 2251 991 2306 eoque

156 2335 187 2384 20
202 2326 303 2403 magis,
326 2325 350 2383 si
373 2337 440 2383 sunt
459 2327 495 2383 ad
515 2346 576 2384 rem
592 2326 744 2384 militarem
764 2327 832 2403 apti,
847 2339 876 2384 et
890 2328 991 2403 cupidi

202 2422 341 2480 bellorum
357 2423 557 2500 gerendorum.
598 2425 676 2481 Vere
698 2422 794 2480 autem
816 2425 840 2481 si
859 2425 991 2482 volumus

202 2518 339 2591 iudicare,
359 2517 455 2577 multa?
475 2539 520 2577 res
541 2521 712 2577 exstiterunt
731 2521 846 2579 urbanae
869 2522 991 2596 majores
1094 2516 1095 2519 ¹

202 2615 394 2690 clarioresque
408 2635 493 2691 quam
507 2614 627 2674 bellicae.
667 2617 809 2678 Quamvis
823 2618 901 2675 enirn
911 2617 992 2674 The·

201 2712 347 2769 mistocles
365 2712 428 2788 jure
448 2712 590 2785 laudetur,
605 2724 634 2771 et
647 2714 685 2770 sit
699 2715 761 2790 ejus
773 2733 889 2786 nomen,
904 2733 992 2791 quam

156 2819 187 2869 25
203 2808 328 2880 Solacia,
345 2809 492 2882 illustrius,
508 2810 669 2885 citcturque
688 2811 811 2869 Salamis
825 2811 992 2869 clarissimae

202 2905 283 2961 testis
297 2906 433 2980 victoriae,
448 2925 511 2982 quae
527 2918 716 2982 anteponatur
727 2907 849 2965 consilio
862 2907 991 2980 Solonis,

203 3001 241 3074 ei,
256 3022 312 3078 quo
325 3003 615 3079 primum·constitnit
633 3004 843 3082 Areopagitas;
865 3023 924 3062 non
938 3003 992 3062 rni-
