<?xml version="1.0" encoding="UTF-8"?>
<!DOCTYPE html PUBLIC "-//W3C//DTD XHTML 1.0 Transitional//EN"
    "http://www.w3.org/TR/xhtml1/DTD/xhtml1-transitional.dtd">
<html xmlns="http://www.w3.org/1999/xhtml" xml:lang="en" lang="en">
 <head>
  <title>
</title>
<meta http-equiv="Content-Type" content="text/html;charset=utf-8" />
  <meta name='ocr-system' content='tesseract 3.04.00' />
  <meta name='ocr-capabilities' content='ocr_page ocr_carea ocr_par ocr_line ocrx_word'/>
</head>
<body>
  <div class='ocr_page' id='page_1' title='image "./mtciceronisdeof04cicegoog/mtciceronisdeof04cicegoog_0079.png"; bbox 0 0 2200 3492; ppageno 0'>
   <div class='ocr_carea' id='block_1_1' title="bbox 85 199 585 263">
    <p class='ocr_par' dir='ltr' id='par_1_1' title="bbox 85 199 585 263">
     <span class='ocr_line' id='line_1_1' title="bbox 85 199 585 263; baseline -0.01 -13"><span class='ocrx_word' id='word_1_1' title='bbox 85 204 155 263; x_wconf 75' lang='lat' dir='ltr'><strong>nn]</strong></span> <span class='ocrx_word' id='word_1_2' title='bbox 376 200 419 247; x_wconf 83' lang='lat' dir='ltr'><strong>na</strong></span> <span class='ocrx_word' id='word_1_3' title='bbox 437 199 585 247; x_wconf 79' lang='lat' dir='ltr'><strong>currens.</strong></span> 
     </span>
    </p>
   </div>
   <div class='ocr_carea' id='block_1_2' title="bbox 16 347 926 2455">
    <p class='ocr_par' dir='ltr' id='par_1_2' title="bbox 21 347 876 620">
     <span class='ocr_line' id='line_1_2' title="bbox 21 347 876 425; baseline -0.005 -15"><span class='ocrx_word' id='word_1_4' title='bbox 21 403 27 410; x_wconf 91' lang='lat'><strong><em>.</em></strong></span> <span class='ocrx_word' id='word_1_5' title='bbox 83 361 184 409; x_wconf 87' lang='lat' dir='ltr'><strong>nostra</strong></span> <span class='ocrx_word' id='word_1_6' title='bbox 202 359 308 407; x_wconf 79' lang='lat' dir='ltr'><strong>nostrae</strong></span> <span class='ocrx_word' id='word_1_7' title='bbox 329 356 438 407; x_wconf 77' lang='lat' dir='ltr'><strong>nature</strong></span> <span class='ocrx_word' id='word_1_8' title='bbox 458 347 560 425; x_wconf 70' lang='lat' dir='ltr'><strong>reguli</strong></span> <span class='ocrx_word' id='word_1_9' title='bbox 579 347 749 406; x_wconf 89' lang='lat' dir='ltr'><strong>metiamur:</strong></span> <span class='ocrx_word' id='word_1_10' title='bbox 782 366 876 425; x_wconf 84' lang='lat' dir='ltr'><strong>neque</strong></span> 
     </span>
     <span class='ocr_line' id='line_1_3' title="bbox 85 445 874 522; baseline -0.001 -18"><span class='ocrx_word' id='word_1_11' title='bbox 85 448 162 505; x_wconf 87' lang='lat' dir='ltr'><strong>enim</strong></span> <span class='ocrx_word' id='word_1_12' title='bbox 183 447 287 504; x_wconf 83' lang='lat' dir='ltr'><strong>attinet</strong></span> <span class='ocrx_word' id='word_1_13' title='bbox 312 464 474 522; x_wconf 85' lang='lat' dir='ltr'><strong>repugnare</strong></span> <span class='ocrx_word' id='word_1_14' title='bbox 501 455 622 517; x_wconf 76' lang='lat' dir='ltr'><strong>natura,</strong></span> <span class='ocrx_word' id='word_1_15' title='bbox 643 445 874 521; x_wconf 89' lang='lat' dir='ltr'><strong>necquicquam</strong></span> 
     </span>
     <span class='ocr_line' id='line_1_4' title="bbox 86 540 875 620; baseline -0.003 -19"><span class='ocrx_word' id='word_1_16' title='bbox 86 544 175 619; x_wconf 85' lang='lat' dir='ltr'><strong>sequi,</strong></span> <span class='ocrx_word' id='word_1_17' title='bbox 197 543 275 618; x_wconf 90' lang='lat' dir='ltr'><strong>quod</strong></span> <span class='ocrx_word' id='word_1_18' title='bbox 300 541 413 618; x_wconf 75' lang='lat' dir='ltr'>assequi</span> <span class='ocrx_word' id='word_1_19' title='bbox 439 561 574 618; x_wconf 82' lang='lat' dir='ltr'><strong>nequeas.</strong></span> <span class='ocrx_word' id='word_1_20' title='bbox 615 540 662 599; x_wconf 84' lang='lat' dir='ltr'><strong>Ex</strong></span> <span class='ocrx_word' id='word_1_21' title='bbox 695 561 750 617; x_wconf 91' lang='lat' dir='ltr'><strong>quo</strong></span> <span class='ocrx_word' id='word_1_22' title='bbox 783 543 875 620; x_wconf 86' lang='lat' dir='ltr'><strong>magis</strong></span> 
     </span>
    </p>

    <p class='ocr_par' dir='ltr' id='par_1_3' title="bbox 16 638 906 909">
     <span class='ocr_line' id='line_1_5' title="bbox 16 638 874 717; baseline -0.001 -19"><span class='ocrx_word' id='word_1_23' title='bbox 16 642 17 647; x_wconf 72' lang='grc'>’</span> <span class='ocrx_word' id='word_1_24' title='bbox 86 641 217 717; x_wconf 84' lang='lat' dir='ltr'><strong>emergit,</strong></span> <span class='ocrx_word' id='word_1_25' title='bbox 232 639 316 715; x_wconf 88' lang='lat' dir='ltr'><strong>quale</strong></span> <span class='ocrx_word' id='word_1_26' title='bbox 330 638 368 696; x_wconf 87' lang='lat' dir='ltr'><strong>sit</strong></span> <span class='ocrx_word' id='word_1_27' title='bbox 381 640 520 697; x_wconf 88' lang='lat' dir='ltr'><strong>decorum</strong></span> <span class='ocrx_word' id='word_1_28' title='bbox 533 638 616 709; x_wconf 90' lang='lat' dir='ltr'><strong>illud,</strong></span> <span class='ocrx_word' id='word_1_29' title='bbox 631 638 708 711; x_wconf 89' lang='lat' dir='ltr'><strong>idco,</strong></span> <span class='ocrx_word' id='word_1_30' title='bbox 723 638 791 714; x_wconf 90' lang='lat' dir='ltr'><strong>quia</strong></span> <span class='ocrx_word' id='word_1_31' title='bbox 802 639 874 697; x_wconf 89' lang='lat' dir='ltr'><strong>nihil</strong></span> 
     </span>
     <span class='ocr_line' id='line_1_6' title="bbox 86 733 906 814; baseline 0.002 -21"><span class='ocrx_word' id='word_1_32' title='bbox 86 738 170 794; x_wconf 90' lang='lat' dir='ltr'><strong>decet</strong></span> <span class='ocrx_word' id='word_1_33' title='bbox 191 735 281 794; x_wconf 73' lang='lat' dir='ltr'><strong>invitat</strong></span> <span class='ocrx_word' id='word_1_34' title='bbox 302 735 349 811; x_wconf 91' lang='lat' dir='ltr'><strong>(ut</strong></span> <span class='ocrx_word' id='word_1_35' title='bbox 369 734 461 814; x_wconf 91' lang='lat' dir='ltr'><strong>aiunt)</strong></span> <span class='ocrx_word' id='word_1_36' title='bbox 481 733 631 805; x_wconf 66' lang='lat' dir='ltr'><strong>mmmm</strong></span> <span class='ocrx_word' id='word_1_37' title='bbox 654 733 683 792; x_wconf 87' lang='lat' dir='ltr'><strong>id</strong></span> <span class='ocrx_word' id='word_1_38' title='bbox 704 744 757 806; x_wconf 87' lang='lat' dir='ltr'><strong>est,</strong></span> <span class='ocrx_word' id='word_1_39' title='bbox 779 736 906 795; x_wconf 85' lang='lat' dir='ltr'><strong>adver-5</strong></span> 
     </span>
     <span class='ocr_line' id='line_1_7' title="bbox 85 832 529 909; baseline -0.007 -18"><span class='ocrx_word' id='word_1_40' title='bbox 85 845 167 891; x_wconf 86' lang='lat' dir='ltr'><strong>sante</strong></span> <span class='ocrx_word' id='word_1_41' title='bbox 181 843 211 890; x_wconf 91' lang='lat' dir='ltr'><strong>et</strong></span> <span class='ocrx_word' id='word_1_42' title='bbox 225 841 404 909; x_wconf 73' lang='lat' dir='ltr'><strong>repugnante</strong></span> <span class='ocrx_word' id='word_1_43' title='bbox 417 832 529 889; x_wconf 58' lang='lat' dir='ltr'><strong>umore„</strong></span> 
     </span>
    </p>

    <p class='ocr_par' dir='ltr' id='par_1_4' title="bbox 85 927 923 1391">
     <span class='ocr_line' id='line_1_8' title="bbox 124 927 876 1004; baseline 0 -17"><span class='ocrx_word' id='word_1_44' title='bbox 124 930 256 987; x_wconf 86' lang='lat' dir='ltr'><strong>Omnino</strong></span> <span class='ocrx_word' id='word_1_45' title='bbox 277 929 301 986; x_wconf 87' lang='lat' dir='ltr'><strong>si</strong></span> <span class='ocrx_word' id='word_1_46' title='bbox 322 928 476 1004; x_wconf 85' lang='lat' dir='ltr'><strong>quicquam</strong></span> <span class='ocrx_word' id='word_1_47' title='bbox 495 937 540 985; x_wconf 85' lang='lat' dir='ltr'><strong>est</strong></span> <span class='ocrx_word' id='word_1_48' title='bbox 566 928 714 1001; x_wconf 87' lang='lat' dir='ltr'><strong>decorum,</strong></span> <span class='ocrx_word' id='word_1_49' title='bbox 735 927 807 986; x_wconf 87' lang='lat' dir='ltr'><strong>nihil</strong></span> <span class='ocrx_word' id='word_1_50' title='bbox 832 939 876 987; x_wconf 89' lang='lat' dir='ltr'><strong>est</strong></span> 
     </span>
     <span class='ocr_line' id='line_1_9' title="bbox 85 1024 875 1107; baseline -0.001 -24"><span class='ocrx_word' id='word_1_51' title='bbox 85 1027 217 1104; x_wconf 86' lang='lat' dir='ltr'><strong>profecto</strong></span> <span class='ocrx_word' id='word_1_52' title='bbox 231 1025 336 1102; x_wconf 73' lang='lat' dir='ltr'><strong>magis,</strong></span> <span class='ocrx_word' id='word_1_53' title='bbox 348 1043 434 1100; x_wconf 87' lang='lat' dir='ltr'><strong>quum</strong></span> <span class='ocrx_word' id='word_1_54' title='bbox 447 1024 626 1107; x_wconf 69' lang='lat' dir='ltr'><strong>aequabilitas</strong></span> <span class='ocrx_word' id='word_1_55' title='bbox 646 1025 786 1083; x_wconf 78' lang='lat' dir='ltr'><strong>universa</strong></span> <span class='ocrx_word' id='word_1_56' title='bbox 799 1025 875 1097; x_wconf 79' lang='lat' dir='ltr'><strong>vite,</strong></span> 
     </span>
     <span class='ocr_line' id='line_1_10' title="bbox 85 1121 877 1199; baseline 0 -18"><span class='ocrx_word' id='word_1_57' title='bbox 85 1136 146 1181; x_wconf 88' lang='lat' dir='ltr'><strong>tum</strong></span> <span class='ocrx_word' id='word_1_58' title='bbox 157 1122 337 1199; x_wconf 81' lang='lat' dir='ltr'><strong>singularum</strong></span> <span class='ocrx_word' id='word_1_59' title='bbox 349 1121 496 1180; x_wconf 89' lang='lat' dir='ltr'><strong>actionum</strong></span> <span class='ocrx_word' id='word_1_60' title='bbox 504 1142 512 1192; x_wconf 92' lang='lat'>;</span> <span class='ocrx_word' id='word_1_61' title='bbox 534 1141 619 1198; x_wconf 90' lang='lat' dir='ltr'><strong>quam</strong></span> <span class='ocrx_word' id='word_1_62' title='bbox 634 1141 805 1182; x_wconf 86' lang='lat' dir='ltr'><strong>conservare</strong></span> <span class='ocrx_word' id='word_1_63' title='bbox 819 1141 877 1181; x_wconf 89' lang='lat' dir='ltr'><strong>non</strong></span> 
     </span>
     <span class='ocr_line' id='line_1_11' title="bbox 86 1218 923 1296; baseline -0.002 -19"><span class='ocrx_word' id='word_1_64' title='bbox 86 1220 189 1296; x_wconf 87' lang='lat' dir='ltr'><strong>possis,</strong></span> <span class='ocrx_word' id='word_1_65' title='bbox 200 1219 236 1290; x_wconf 87' lang='lat' dir='ltr'><strong>si,</strong></span> <span class='ocrx_word' id='word_1_66' title='bbox 249 1218 368 1278; x_wconf 89' lang='lat' dir='ltr'><strong>aliorum</strong></span> <span class='ocrx_word' id='word_1_67' title='bbox 378 1227 510 1277; x_wconf 88' lang='lat' dir='ltr'><strong>naturam</strong></span> <span class='ocrx_word' id='word_1_68' title='bbox 520 1218 647 1292; x_wconf 89' lang='lat' dir='ltr'><strong>imitans,</strong></span> <span class='ocrx_word' id='word_1_69' title='bbox 657 1219 774 1278; x_wconf 84' lang='lat' dir='ltr'><strong>omittas</strong></span> <span class='ocrx_word' id='word_1_70' title='bbox 787 1229 874 1277; x_wconf 90' lang='lat' dir='ltr'><strong>tuam.</strong></span> <span class='ocrx_word' id='word_1_71' title='bbox 892 1223 923 1275; x_wconf 82' lang='lat'><strong>10</strong></span> 
     </span>
     <span class='ocr_line' id='line_1_12' title="bbox 86 1316 878 1391; baseline -0.003 -16"><span class='ocrx_word' id='word_1_72' title='bbox 86 1317 125 1375; x_wconf 90' lang='lat' dir='ltr'><strong>Ut</strong></span> <span class='ocrx_word' id='word_1_73' title='bbox 144 1316 225 1373; x_wconf 90' lang='lat' dir='ltr'><strong>enim</strong></span> <span class='ocrx_word' id='word_1_74' title='bbox 245 1334 378 1374; x_wconf 87' lang='lat' dir='ltr'><strong>sermone</strong></span> <span class='ocrx_word' id='word_1_75' title='bbox 397 1334 434 1373; x_wconf 83' lang='lat' dir='ltr'><strong>so</strong></span> <span class='ocrx_word' id='word_1_76' title='bbox 453 1316 593 1374; x_wconf 87' lang='lat' dir='ltr'><strong>debemus</strong></span> <span class='ocrx_word' id='word_1_77' title='bbox 606 1316 660 1387; x_wconf 90' lang='lat' dir='ltr'><strong>uti,</strong></span> <span class='ocrx_word' id='word_1_78' title='bbox 673 1316 722 1391; x_wconf 91' lang='lat' dir='ltr'><strong>qui</strong></span> <span class='ocrx_word' id='word_1_79' title='bbox 735 1326 878 1374; x_wconf 56' lang='lat' dir='ltr'><strong>notus‘est</strong></span> 
     </span>
    </p>

    <p class='ocr_par' dir='ltr' id='par_1_5' title="bbox 16 1410 878 1488">
     <span class='ocr_line' id='line_1_13' title="bbox 16 1410 878 1488; baseline -0.001 -17"><span class='ocrx_word' id='word_1_80' title='bbox 16 1422 17 1427; x_wconf 77' lang='grc'>’</span> <span class='ocrx_word' id='word_1_81' title='bbox 86 1410 182 1486; x_wconf 90' lang='lat' dir='ltr'><strong>nobis,</strong></span> <span class='ocrx_word' id='word_1_82' title='bbox 197 1432 245 1485; x_wconf 87' lang='lat' dir='ltr'><strong>ne,</strong></span> <span class='ocrx_word' id='word_1_83' title='bbox 265 1422 296 1470; x_wconf 89' lang='lat' dir='ltr'><strong>ut</strong></span> <span class='ocrx_word' id='word_1_84' title='bbox 315 1412 440 1488; x_wconf 87' lang='lat' dir='ltr'><strong>quidam,</strong></span> <span class='ocrx_word' id='word_1_85' title='bbox 455 1413 561 1471; x_wconf 68' lang='lat' dir='ltr'><strong>Graeca</strong></span> <span class='ocrx_word' id='word_1_86' title='bbox 581 1412 668 1472; x_wconf 84' lang='lat' dir='ltr'><strong>rerba</strong></span> <span class='ocrx_word' id='word_1_87' title='bbox 687 1412 878 1482; x_wconf 79' lang='lat' dir='ltr'><strong>inculcantes,</strong></span> 
     </span>
    </p>

    <p class='ocr_par' dir='ltr' id='par_1_6' title="bbox 16 1492 880 1607">
     <span class='ocr_line' id='line_1_14' title="bbox 16 1508 880 1607; baseline -0.002 -40"><span class='ocrx_word' id='word_1_88' title='bbox 16 1516 21 1607; x_wconf 51' lang='grc' dir='ltr'>ζ</span> <span class='ocrx_word' id='word_1_89' title='bbox 85 1508 149 1586; x_wconf 88' lang='lat' dir='ltr'><strong>jure</strong></span> <span class='ocrx_word' id='word_1_90' title='bbox 163 1509 275 1585; x_wconf 89' lang='lat' dir='ltr'><strong>optimo</strong></span> <span class='ocrx_word' id='word_1_91' title='bbox 289 1508 474 1579; x_wconf 87' lang='lat' dir='ltr'><strong>irrideamur;</strong></span> <span class='ocrx_word' id='word_1_92' title='bbox 494 1509 549 1580; x_wconf 85' lang='lat' dir='ltr'><strong>sic,</strong></span> <span class='ocrx_word' id='word_1_93' title='bbox 564 1509 595 1567; x_wconf 91' lang='lat' dir='ltr'><strong>in</strong></span> <span class='ocrx_word' id='word_1_94' title='bbox 610 1509 739 1566; x_wconf 83' lang='lat' dir='ltr'><strong>actiones</strong></span> <span class='ocrx_word' id='word_1_95' title='bbox 752 1526 880 1566; x_wconf 90' lang='lat' dir='ltr'><strong>omnem·</strong></span> 
     </span>
    </p>

    <p class='ocr_par' dir='ltr' id='par_1_7' title="bbox 16 1603 879 1685">
     <span class='ocr_line' id='line_1_15' title="bbox 16 1603 879 1685; baseline 0.002 -26"><span class='ocrx_word' id='word_1_96' title='bbox 16 1614 17 1659; x_wconf 72' lang='grc'><strong>1</strong></span> <span class='ocrx_word' id='word_1_97' title='bbox 87 1625 143 1682; x_wconf 89' lang='lat' dir='ltr'><strong>que</strong></span> <span class='ocrx_word' id='word_1_98' title='bbox 172 1605 270 1685; x_wconf 87' lang='lat' dir='ltr'><strong>vitam,</strong></span> <span class='ocrx_word' id='word_1_99' title='bbox 291 1605 399 1665; x_wconf 87' lang='lat' dir='ltr'><strong>nullam</strong></span> <span class='ocrx_word' id='word_1_100' title='bbox 419 1604 644 1682; x_wconf 83' lang='lat' dir='ltr'><strong>discrepantiam</strong></span> <span class='ocrx_word' id='word_1_101' title='bbox 670 1603 803 1665; x_wconf 85' lang='lat' dir='ltr'><strong>conferre</strong></span> <span class='ocrx_word' id='word_1_102' title='bbox 830 1605 879 1661; x_wconf 88' lang='lat' dir='ltr'><strong>de·</strong></span> 
     </span>
    </p>

    <p class='ocr_par' dir='ltr' id='par_1_8' title="bbox 16 1676 925 1761">
     <span class='ocr_line' id='line_1_16' title="bbox 16 1676 925 1761; baseline -0.006 0"><span class='ocrx_word' id='word_1_103' title='bbox 16 1676 21 1747; x_wconf 78' lang='lat' dir='ltr'><strong>l</strong></span> <span class='ocrx_word' id='word_1_104' title='bbox 88 1704 199 1761; x_wconf 86' lang='lat' dir='ltr'><strong>bemus.</strong></span> <span class='ocrx_word' id='word_1_105' title='bbox 404 1734 406 1745; x_wconf 66' lang='lat'>›</span> <span class='ocrx_word' id='word_1_106' title='bbox 895 1708 925 1756; x_wconf 84' lang='lat'><strong>15</strong></span> 
     </span>
    </p>

    <p class='ocr_par' dir='ltr' id='par_1_9' title="bbox 127 1798 879 1874">
     <span class='ocr_line' id='line_1_17' title="bbox 127 1798 879 1874; baseline -0.001 -17"><span class='ocrx_word' id='word_1_107' title='bbox 127 1801 228 1874; x_wconf 88' lang='lat' dir='ltr'><strong>Atque</strong></span> <span class='ocrx_word' id='word_1_108' title='bbox 242 1799 305 1857; x_wconf 85' lang='lat' dir='ltr'><strong>haec</strong></span> <span class='ocrx_word' id='word_1_109' title='bbox 318 1799 479 1858; x_wconf 85' lang='lat' dir='ltr'><strong>differentia</strong></span> <span class='ocrx_word' id='word_1_110' title='bbox 488 1808 655 1859; x_wconf 80' lang='lat' dir='ltr'><strong>naturarum</strong></span> <span class='ocrx_word' id='word_1_111' title='bbox 669 1808 777 1861; x_wconf 87' lang='lat' dir='ltr'><strong>tantam</strong></span> <span class='ocrx_word' id='word_1_112' title='bbox 792 1798 879 1857; x_wconf 86' lang='lat' dir='ltr'><strong>habet</strong></span> 
     </span>
    </p>

    <p class='ocr_par' dir='ltr' id='par_1_10' title="bbox 18 1896 880 1987">
     <span class='ocr_line' id='line_1_18' title="bbox 18 1896 880 1987; baseline -0.001 -34"><span class='ocrx_word' id='word_1_113' title='bbox 18 1912 24 1987; x_wconf 55' lang='grc' dir='ltr'>ζ</span> <span class='ocrx_word' id='word_1_114' title='bbox 89 1896 156 1968; x_wconf 84' lang='lat' dir='ltr'><strong>rim,</strong></span> <span class='ocrx_word' id='word_1_115' title='bbox 169 1906 200 1954; x_wconf 88' lang='lat' dir='ltr'><strong>ut</strong></span> <span class='ocrx_word' id='word_1_116' title='bbox 214 1914 421 1971; x_wconf 89' lang='lat' dir='ltr'><strong>nonnunquam</strong></span> <span class='ocrx_word' id='word_1_117' title='bbox 436 1906 557 1954; x_wconf 84' lang='lat' dir='ltr'><strong>mortem</strong></span> <span class='ocrx_word' id='word_1_118' title='bbox 572 1896 627 1953; x_wconf 91' lang='lat' dir='ltr'><strong>sibi</strong></span> <span class='ocrx_word' id='word_1_119' title='bbox 642 1897 703 1972; x_wconf 88' lang='lat' dir='ltr'><strong>ipse</strong></span> <span class='ocrx_word' id='word_1_120' title='bbox 717 1896 880 1955; x_wconf 88' lang='lat' dir='ltr'><strong>conscisce-</strong></span> 
     </span>
    </p>

    <p class='ocr_par' dir='ltr' id='par_1_11' title="bbox 18 1988 878 2069">
     <span class='ocr_line' id='line_1_19' title="bbox 18 1988 878 2069; baseline 0.001 -20"><span class='ocrx_word' id='word_1_121' title='bbox 18 1994 25 2069; x_wconf 64' lang='grc' dir='ltr'>ζ</span> <span class='ocrx_word' id='word_1_122' title='bbox 89 2010 119 2051; x_wconf 92' lang='lat' dir='ltr'><strong>re</strong></span> <span class='ocrx_word' id='word_1_123' title='bbox 133 1993 208 2051; x_wconf 89' lang='lat' dir='ltr'><strong>alius</strong></span> <span class='ocrx_word' id='word_1_124' title='bbox 222 1993 339 2064; x_wconf 90' lang='lat' dir='ltr'><strong>debeat,</strong></span> <span class='ocrx_word' id='word_1_125' title='bbox 352 1990 424 2051; x_wconf 88' lang='lat' dir='ltr'><strong>alius</strong></span> <span class='ocrx_word' id='word_1_126' title='bbox 438 1994 468 2051; x_wconf 90' lang='lat' dir='ltr'><strong>in</strong></span> <span class='ocrx_word' id='word_1_127' title='bbox 481 1993 584 2050; x_wconf 69' lang='lat' dir='ltr'><strong>eedem</strong></span> <span class='ocrx_word' id='word_1_128' title='bbox 596 1988 684 2051; x_wconf 73' lang='lat' dir='ltr'><strong>causi</strong></span> <span class='ocrx_word' id='word_1_129' title='bbox 697 2013 755 2051; x_wconf 91' lang='lat' dir='ltr'><strong>non</strong></span> <span class='ocrx_word' id='word_1_130' title='bbox 766 1993 878 2050; x_wconf 89' lang='lat' dir='ltr'><strong>debeat.</strong></span> 
     </span>
    </p>

    <p class='ocr_par' dir='ltr' id='par_1_12' title="bbox 19 2087 879 2160">
     <span class='ocr_line' id='line_1_20' title="bbox 19 2087 879 2160; baseline -0.001 -14"><span class='ocrx_word' id='word_1_131' title='bbox 19 2110 25 2123; x_wconf 94' lang='lat'>·</span> <span class='ocrx_word' id='word_1_132' title='bbox 89 2088 169 2148; x_wconf 91' lang='lat' dir='ltr'><strong>Num</strong></span> <span class='ocrx_word' id='word_1_133' title='bbox 183 2088 263 2147; x_wconf 89' lang='lat' dir='ltr'><strong>enim</strong></span> <span class='ocrx_word' id='word_1_134' title='bbox 279 2088 335 2147; x_wconf 78' lang='lat' dir='ltr'><strong>aliti</strong></span> <span class='ocrx_word' id='word_1_135' title='bbox 346 2088 377 2146; x_wconf 88' lang='lat' dir='ltr'><strong>in</strong></span> <span class='ocrx_word' id='word_1_136' title='bbox 388 2089 476 2147; x_wconf 76' lang='lat' dir='ltr'><strong>causi</strong></span> <span class='ocrx_word' id='word_1_137' title='bbox 490 2087 532 2149; x_wconf 90' lang='lat' dir='ltr'><strong>M.</strong></span> <span class='ocrx_word' id='word_1_138' title='bbox 545 2089 692 2160; x_wconf 81' lang='lat' dir='ltr'><strong>Catuluit,</strong></span> <span class='ocrx_word' id='word_1_139' title='bbox 704 2090 760 2147; x_wconf 79' lang='lat' dir='ltr'><strong>alit</strong></span> <span class='ocrx_word' id='word_1_140' title='bbox 772 2089 879 2159; x_wconf 74' lang='lat' dir='ltr'><strong>caeteri,</strong></span> 
     </span>
    </p>

    <p class='ocr_par' dir='ltr' id='par_1_13' title="bbox 19 2166 926 2262">
     <span class='ocr_line' id='line_1_21' title="bbox 19 2166 926 2262; baseline 0.002 -18"><span class='ocrx_word' id='word_1_141' title='bbox 19 2166 25 2205; x_wconf 72' lang='lat'>⁵</span> <span class='ocrx_word' id='word_1_142' title='bbox 89 2187 138 2262; x_wconf 92' lang='lat' dir='ltr'><strong>qni</strong></span> <span class='ocrx_word' id='word_1_143' title='bbox 152 2206 184 2243; x_wconf 91' lang='lat' dir='ltr'><strong>se</strong></span> <span class='ocrx_word' id='word_1_144' title='bbox 198 2186 230 2243; x_wconf 92' lang='lat' dir='ltr'><strong>in</strong></span> <span class='ocrx_word' id='word_1_145' title='bbox 244 2184 348 2243; x_wconf 74' lang='lat' dir='ltr'><strong>Africs</strong></span> <span class='ocrx_word' id='word_1_146' title='bbox 369 2185 477 2244; x_wconf 70' lang='lat' dir='ltr'><strong>Caesari</strong></span> <span class='ocrx_word' id='word_1_147' title='bbox 490 2186 689 2244; x_wconf 82' lang='lat' dir='ltr'><strong>tradideruntl</strong></span> <span class='ocrx_word' id='word_1_148' title='bbox 720 2187 811 2261; x_wconf 86' lang='lat' dir='ltr'><strong>Atqui</strong></span> <span class='ocrx_word' id='word_1_149' title='bbox 825 2205 880 2242; x_wconf 77' lang='lat' dir='ltr'><strong>ce·</strong></span> <span class='ocrx_word' id='word_1_150' title='bbox 895 2199 926 2246; x_wconf 76' lang='lat'><strong>20</strong></span> 
     </span>
    </p>

    <p class='ocr_par' dir='ltr' id='par_1_14' title="bbox 18 2281 880 2355">
     <span class='ocr_line' id='line_1_22' title="bbox 89 2281 880 2355; baseline -0.002 -15.165"><span class='ocrx_word' id='word_1_151' title='bbox 89 2283 158 2340; x_wconf 88' lang='lat' dir='ltr'><strong>teris</strong></span> <span class='ocrx_word' id='word_1_152' title='bbox 169 2282 291 2340; x_wconf 86' lang='lat' dir='ltr'><strong>forsitan</strong></span> <span class='ocrx_word' id='word_1_153' title='bbox 299 2281 369 2341; x_wconf 84' lang='lat' dir='ltr'><strong>vitio</strong></span> <span class='ocrx_word' id='word_1_154' title='bbox 380 2282 477 2355; x_wconf 74' lang='lat' dir='ltr'><strong>datum</strong></span> <span class='ocrx_word' id='word_1_155' title='bbox 488 2292 574 2353; x_wconf 89' lang='lat' dir='ltr'><strong>esset,</strong></span> <span class='ocrx_word' id='word_1_156' title='bbox 584 2283 608 2340; x_wconf 94' lang='lat' dir='ltr'><strong>si</strong></span> <span class='ocrx_word' id='word_1_157' title='bbox 615 2302 646 2339; x_wconf 90' lang='lat' dir='ltr'><strong>se</strong></span> <span class='ocrx_word' id='word_1_158' title='bbox 658 2282 880 2352; x_wconf 84' lang='lat' dir='ltr'><strong>interemissent,</strong></span> 
     </span>
    </p>

    <p class='ocr_par' dir='ltr' id='par_1_15' title="bbox 18 2372 882 2455">
     <span class='ocr_line' id='line_1_23' title="bbox 18 2372 882 2455; baseline 0 -20"><span class='ocrx_word' id='word_1_159' title='bbox 18 2372 25 2445; x_wconf 65' lang='lat'><strong>3.</strong></span> <span class='ocrx_word' id='word_1_160' title='bbox 89 2389 242 2455; x_wconf 87' lang='lat' dir='ltr'><strong>propterea</strong></span> <span class='ocrx_word' id='word_1_161' title='bbox 261 2378 339 2453; x_wconf 90' lang='lat' dir='ltr'><strong>quod</strong></span> <span class='ocrx_word' id='word_1_162' title='bbox 359 2396 457 2436; x_wconf 84' lang='lat' dir='ltr'><strong>eorum</strong></span> <span class='ocrx_word' id='word_1_163' title='bbox 477 2379 536 2436; x_wconf 85' lang='lat' dir='ltr'><strong>vita</strong></span> <span class='ocrx_word' id='word_1_164' title='bbox 555 2379 657 2450; x_wconf 86' lang='lat' dir='ltr'><strong>lenior,</strong></span> <span class='ocrx_word' id='word_1_165' title='bbox 672 2388 701 2435; x_wconf 91' lang='lat' dir='ltr'><strong>et</strong></span> <span class='ocrx_word' id='word_1_166' title='bbox 716 2397 808 2436; x_wconf 88' lang='lat' dir='ltr'><strong>mores</strong></span> <span class='ocrx_word' id='word_1_167' title='bbox 822 2379 882 2435; x_wconf 85' lang='lat' dir='ltr'><strong>sue·</strong></span> 
     </span>
    </p>
   </div>
   <div class='ocr_carea' id='block_1_3' title="bbox 19 2472 929 3031">
    <p class='ocr_par' dir='ltr' id='par_1_16' title="bbox 19 2472 929 3031">
     <span class='ocr_line' id='line_1_24' title="bbox 19 2472 880 2559; baseline 0.002 -27"><span class='ocrx_word' id='word_1_168' title='bbox 19 2472 25 2559; x_wconf 54' lang='grc' dir='ltr'>ζ</span> <span class='ocrx_word' id='word_1_169' title='bbox 90 2485 154 2533; x_wconf 86' lang='lat' dir='ltr'><strong>rant</strong></span> <span class='ocrx_word' id='word_1_170' title='bbox 175 2475 340 2535; x_wconf 83' lang='lat' dir='ltr'><strong>faciliores:</strong></span> <span class='ocrx_word' id='word_1_171' title='bbox 368 2475 474 2537; x_wconf 82' lang='lat' dir='ltr'><strong>Catoni</strong></span> <span class='ocrx_word' id='word_1_172' title='bbox 489 2486 584 2534; x_wconf 85' lang='lat' dir='ltr'><strong>sutem</strong></span> <span class='ocrx_word' id='word_1_173' title='bbox 600 2495 665 2533; x_wconf 89' lang='lat' dir='ltr'><strong>cum</strong></span> <span class='ocrx_word' id='word_1_174' title='bbox 681 2475 880 2534; x_wconf 87' lang='lat' dir='ltr'><strong>incredibilem</strong></span> 
     </span>
     <span class='ocr_line' id='line_1_25' title="bbox 89 2571 881 2648; baseline -0.001 -18"><span class='ocrx_word' id='word_1_175' title='bbox 89 2573 238 2630; x_wconf 87' lang='lat' dir='ltr'><strong>tribuisset</strong></span> <span class='ocrx_word' id='word_1_176' title='bbox 246 2581 351 2629; x_wconf 90' lang='lat' dir='ltr'><strong>natura</strong></span> <span class='ocrx_word' id='word_1_177' title='bbox 360 2571 665 2648; x_wconf 75' lang='lat' dir='ltr'><strong>grauitatemeamque</strong></span> <span class='ocrx_word' id='word_1_178' title='bbox 675 2572 735 2647; x_wconf 83' lang='lat' dir='ltr'><strong>ipse</strong></span> <span class='ocrx_word' id='word_1_179' title='bbox 743 2573 881 2647; x_wconf 69' lang='lat' dir='ltr'><strong>perpetual</strong></span> 
     </span>
     <span class='ocr_line' id='line_1_26' title="bbox 91 2654 929 2744; baseline -0.001 -18"><span class='ocrx_word' id='word_1_180' title='bbox 91 2669 257 2727; x_wconf 70' lang='lat' dir='ltr'><strong>constantia</strong></span> <span class='ocrx_word' id='word_1_181' title='bbox 278 2654 478 2738; x_wconf 83' lang='lat' dir='ltr'><strong>roboravisset,</strong></span> <span class='ocrx_word' id='word_1_182' title='bbox 497 2685 665 2742; x_wconf 85' lang='lat' dir='ltr'><strong>semperque</strong></span> <span class='ocrx_word' id='word_1_183' title='bbox 686 2667 716 2725; x_wconf 90' lang='lat' dir='ltr'><strong>in</strong></span> <span class='ocrx_word' id='word_1_184' title='bbox 735 2669 883 2744; x_wconf 89' lang='lat' dir='ltr'><strong>proposito</strong></span> <span class='ocrx_word' id='word_1_185' title='bbox 897 2688 929 2735; x_wconf 70' lang='lat'><strong>25</strong></span> 
     </span>
     <span class='ocr_line' id='line_1_27' title="bbox 91 2761 883 2841; baseline -0.003 -20"><span class='ocrx_word' id='word_1_186' title='bbox 91 2776 285 2841; x_wconf 89' lang='lat' dir='ltr'><strong>susceptoque</strong></span> <span class='ocrx_word' id='word_1_187' title='bbox 308 2762 431 2820; x_wconf 88' lang='lat' dir='ltr'><strong>consilio</strong></span> <span class='ocrx_word' id='word_1_188' title='bbox 459 2761 673 2837; x_wconf 87' lang='lat' dir='ltr'><strong>permansisset,</strong></span> <span class='ocrx_word' id='word_1_189' title='bbox 702 2763 883 2820; x_wconf 88' lang='lat' dir='ltr'><strong>moriendum</strong></span> 
     </span>
     <span class='ocr_line' id='line_1_28' title="bbox 91 2856 882 2935; baseline -0.004 -18"><span class='ocrx_word' id='word_1_190' title='bbox 91 2862 198 2935; x_wconf 86' lang='lat' dir='ltr'><strong>potius,</strong></span> <span class='ocrx_word' id='word_1_191' title='bbox 219 2878 307 2934; x_wconf 90' lang='lat' dir='ltr'><strong>quam</strong></span> <span class='ocrx_word' id='word_1_192' title='bbox 336 2858 452 2934; x_wconf 88' lang='lat' dir='ltr'><strong>tyranni</strong></span> <span class='ocrx_word' id='word_1_193' title='bbox 473 2857 569 2919; x_wconf 90' lang='lat' dir='ltr'><strong>vultus</strong></span> <span class='ocrx_word' id='word_1_194' title='bbox 597 2856 799 2933; x_wconf 86' lang='lat' dir='ltr'><strong>adspiciendus</strong></span> <span class='ocrx_word' id='word_1_195' title='bbox 821 2859 882 2915; x_wconf 88' lang='lat' dir='ltr'><strong>suit.</strong></span> 
     </span>
     <span class='ocr_line' id='line_1_29' title="bbox 90 2953 885 3031; baseline -0.009 -14"><span class='ocrx_word' id='word_1_196' title='bbox 90 2957 189 3019; x_wconf 79' lang='lat' dir='ltr'><strong>Quam</strong></span> <span class='ocrx_word' id='word_1_197' title='bbox 204 2954 298 3014; x_wconf 89' lang='lat' dir='ltr'><strong>multa</strong></span> <span class='ocrx_word' id='word_1_198' title='bbox 310 2973 411 3030; x_wconf 85' lang='lat' dir='ltr'><strong>passus</strong></span> <span class='ocrx_word' id='word_1_199' title='bbox 425 2964 468 3011; x_wconf 87' lang='lat' dir='ltr'><strong>est</strong></span> <span class='ocrx_word' id='word_1_200' title='bbox 483 2954 599 3031; x_wconf 84' lang='lat' dir='ltr'><strong>Ulysses</strong></span> <span class='ocrx_word' id='word_1_201' title='bbox 613 2954 642 3011; x_wconf 92' lang='lat' dir='ltr'><strong>in</strong></span> <span class='ocrx_word' id='word_1_202' title='bbox 657 2954 707 3011; x_wconf 92' lang='lat' dir='ltr'><strong>illo</strong></span> <span class='ocrx_word' id='word_1_203' title='bbox 717 2972 812 3011; x_wconf 86' lang='lat' dir='ltr'><strong>errore</strong></span> <span class='ocrx_word' id='word_1_204' title='bbox 823 2953 885 3010; x_wconf 91' lang='lat' dir='ltr'><strong>diu·</strong></span> 
     </span>
    </p>
   </div>
   <div class='ocr_carea' id='block_1_4' title="bbox 0 0 1110 3492">
    <p class='ocr_par' dir='ltr' id='par_1_17' title="bbox 0 0 1110 3492">
     <span class='ocr_line' id='line_1_30' title="bbox 0 0 1110 3492; baseline 0 0"><span class='ocrx_word' id='word_1_205' title='bbox 0 0 1110 3492; x_wconf 95' lang='lat' dir='ltr'><strong> </strong></span> 
     </span>
    </p>
   </div>
  </div>
 </body>
</html>
