2200 3492
509 238 552 284 m:
572 232 717 285 orrrcns.
925 240 987 301 [nr

211 388 340 460 urbibus,
348 389 430 447 valde
441 375 682 448 considerandum
690 394 743 463 e'st,
752 409 790 448 ne
803 378 871 466 quid
882 401 1001 464 temere,

211 502 249 543 ne
271 486 339 561 quid
360 487 523 545 crudeliter.
548 492 550 498 ⁴
565 486 656 563 quue
670 497 713 544 est
727 487 779 544 viri
793 488 900 564 magni,
915 489 1002 545 rebus

212 583 336 659 agitatis,
350 585 453 660 punire
466 595 573 655 sontes,
589 583 802 641 multitudinem
820 603 1000 657 conservare,

212 679 241 737 in
263 681 341 738 omni
363 681 478 739 fortuna
506 693 587 738 recta
615 692 698 756 atque
726 681 848 738 honesta
866 682 1000 738 retinere.

180 775 250 834 5Ut
272 778 348 835 enim
371 789 447 851 sunt,
472 776 834 855 (quemadmodum'supra
855 778 929 859 dixi)
953 780 1001 855 qui

211 874 330 933 urbanis
350 876 437 932 rebus
458 875 577 932 bellicas
599 878 790 950 antepo'nant;
812 876 855 932 sic
876 877 1002 951 reperies

212 971 328 1043 multos,
342 972 445 1047 quibus
459 972 622 1049 periculosa
632 983 661 1029 et
672 972 767 1029 calida
781 973 911 1044 consilia,
924 973 1002 1048 quie·

168 1112 179 1131 2
211 1067 248 1125 tis
259 1078 288 1125 et
299 1066 433 1146 cogitatis
442 1079 470 1127 et
480 1069 675 1145 splendidiora
685 1078 714 1125 et
723 1066 1000 1145 majora'videantur.

251 1163 408 1240 Nunquam
429 1166 558 1236 omnino,
578 1164 701 1240 periculi
722 1164 1003 1242 suga-committen-

167 1270 197 1319 10
211 1259 280 1316 dum
302 1273 354 1333 est,
376 1272 405 1319 ut
434 1261 565 1318 imbelles
584 1261 735 1337 timidique
755 1262 921 1319 videamur:
951 1263 1001 1321 sed

212 1356 380 1433 fugiendum
396 1359 481 1416 etiam
498 1358 578 1430 illud,
593 1378 630 1416 ne
651 1360 805 1417 offeramus
823 1378 877 1416 nos
889 1359 1003 1435 pericu·

212 1453 247 1510 lis
267 1455 329 1513 sine
351 1456 457 1513 causi:
487 1475 544 1531 quo
571 1455 643 1513 nihil
671 1466 767 1532 potest
794 1456 1001 1515 esse'stultius.

211 1550 410 1628 Quapropter,
440 1552 469 1610 in
495 1553 635 1610 adeundis
657 1553 793 1630 periculis
822 1553 1004 1611 consuetudo
1085 1624 1089 1631 ι

213 1650 353 1707 imitanda
373 1650 552 1706 medicorum
573 1660 626 1722 est,
640 1650 688 1726 qui
708 1650 810 1707 leviter
831 1660 1004 1726 aegrotantes

167 1759 197 1807 15
211 1746 314 1803 leniter
330 1756 442 1817 curant,
456 1746 636 1823 gravioribus
658 1758 752 1804 autem
767 1742 875 1804 morbis
889 1747 1004 1823 pericu·

212 1842 287 1899 losas
302 1842 467 1899 curationes
487 1853 515 1898 et
537 1843 677 1918 ancipites
698 1843 834 1900 adhibere
849 1854 1002 1920 coguntur.

210 1937 323 2013 Quare,
340 1937 370 1993 in
391 1937 544 2012 tranquillo
564 1948 763 2014 tempestatem
785 1940 934 1997 adversam
954 1960 1004 2017 op·

212 2042 283 2112 tare,
304 2032 446 2089 dementis
466 2042 527 2103 est;
550 2034 701 2090 subvenire
724 2045 818 2091 autem
839 2036 1004 2111 tempestati

213 2131 312 2205 quivrs
333 2130 454 2201 ratione,
476 2131 614 2206 sapientis
621 2151 628 2201 ;
650 2150 742 2206 eoque
763 2132 865 2208 magiS,
892 2134 916 2188 si
939 2133 1004 2209 plus

166 2243 200 2295 20
215 2226 384 2302 adipiscare,
399 2245 430 2282 re
449 2227 602 2302 explicati,
618 2228 697 2297 boni,
713 2246 807 2302 quam,
824 2228 1003 2301 addubitata,

213 2323 289 2381 mali.
332 2322 504 2381 Periculosae
526 2333 620 2380 autem
641 2341 736 2379 rerum
757 2324 886 2381 actiones
899 2325 1005 2400 partim

214 2420 250 2477 iis
278 2430 345 2477 sunt
373 2420 421 2494 qui
442 2439 491 2477 eas
512 2420 683 2495 suscipiunt,
703 2418 805 2495 partim
827 2422 1003 2497 reipublicae.
1077 2452 1080 2457 ·

211 2515 344 2591 Itemque
360 2516 409 2574 alii
421 2516 457 2572 de
468 2516 537 2587 vitri,
548 2516 596 2572 alii
607 2516 643 2573 de
654 2516 755 2592 gloriis,
765 2527 794 2573 et
805 2517 1004 2575 benevolentia

215 2613 331 2685 civium,
344 2614 373 2671 in
389 2613 543 2671 discrimen
556 2624 703 2671 vocantur.
745 2612 939 2690 Promptiores
953 2616 1005 2692 igi·

166 2726 200 2777 25
214 2720 260 2767 tur
284 2711 422 2767 debemus
444 2729 507 2767 esse
530 2711 566 2767 ad
587 2720 686 2768 nostra
705 2711 843 2786 pericula,
861 2730 947 2786 quam
969 2711 1005 2770 ad

215 2807 391 2879 communia,
413 2807 608 2882 dimicareque
635 2808 763 2883 paratius
785 2807 822 2864 de
844 2808 956 2866 honore
976 2821 1010 2868 et⁴

215 2903 318 2982 gloria,
333 2922 419 2979 quarn
433 2902 469 2960 de
483 2903 594 2960 caeteris
609 2904 775 2961 commodis.
858 2948 867 2955 .

255 3000 370 3059 Inventi
385 3009 480 3058 autem
494 2999 577 3058 multi
591 3010 668 3073 sunt,
682 3000 732 3077 qui
745 2992 905 3069 non‘modo
917 3020 1006 3079 pecu·
1081 3010 1086 3151 q

1079 3316 1085 3469 l
