2200 3492
79 236 155 296 uaj
376 235 421 283 on
441 232 588 284 omem
708 189 713 203 ¹
886 212 926 290 7'5

79 383 117 443 lu
131 385 295 462 primisque
307 385 466 463 provideat,
481 405 521 444 ne
534 404 629 444 sermo
643 385 744 443 vitium
762 385 880 463 aliquod

81 483 195 540 indicet
209 483 308 541 inesse
321 483 352 541 in
365 483 511 554 moribus;
533 483 611 559 quod
625 484 749 541 maxime
760 494 823 542 tum
835 503 880 543 so·

79 579 120 637 let
132 580 263 651 evenire,
273 598 342 636 cum
353 580 481 637 studiose
492 580 529 637 de
540 580 718 653 absentibus,
727 580 879 639 detrahen-

80 677 110 733 di
124 677 228 748 causd,
242 686 292 734 aut
305 694 357 753 per
367 676 532 750 rirbculum,
545 688 594 735 aut
605 696 714 751 serere,
723 678 876 751 maledice,

80 774 363 849 contumelioseque,
378 773 493 831 dicitur.
575 789 585 808 ·
889 784 907 833 5

119 871 279 928 Habentur
302 881 397 928 autem
417 871 587 947 plerumque
607 890 756 930 sermones
774 882 823 930 aut
839 873 875 930 de

80 967 253 1025 domesticis
273 967 408 1044 negotiis,
424 977 473 1025 aut
489 968 525 1025 de
544 969 704 1044 republica,
720 979 769 1026 aut
782 969 819 1026 de
833 989 875 1028 ar·

18 1092 19 1095 ¹
79 1063 153 1121 tium
168 1063 275 1121 studiis
286 1074 372 1139 atque
382 1064 523 1123 doctrina.
566 1066 672 1123 Danda
685 1066 773 1144 igitur
786 1084 875 1142 opera

80 1172 133 1232 est,
148 1171 192 1233 ut,
207 1161 297 1219 etiam
311 1161 336 1219 si
351 1161 483 1218 aberrare
498 1162 533 1220 ad
549 1163 605 1220 alia
618 1164 747 1239 coeperit,
760 1163 795 1221 ad
810 1163 873 1222 baec

80 1268 234 1317 revocetur
242 1258 345 1316 oratio.
378 1259 447 1332 Sed,
456 1268 614 1335 utcumque
624 1260 754 1332 aderunt,
766 1259 873 1338 (neque
889 1269 919 1320 10

80 1355 158 1413 euim
167 1374 276 1412 omnes
290 1355 393 1413 iisdem
407 1356 443 1413 de
457 1357 554 1428 rebus,
569 1375 625 1413 nec
639 1357 718 1414 omni
732 1364 871 1434 tempore,

79 1470 135 1509 nsc
156 1451 302 1523 similiter,
316 1452 509 1533 delectamur)
525 1453 809 1511 animadvertendum
829 1465 874 1510 est

80 1548 179 1620 stiam,
191 1556 335 1624 quatenus
348 1556 443 1607 sermo
454 1549 677 1607 delectationem
692 1548 812 1607 babeat:
833 1559 872 1621 et,

80 1654 111 1702 ut
125 1644 287 1721 incipiendi
301 1645 375 1721 ratio
385 1645 481 1719 fuerit,
493 1646 534 1704 ita
547 1645 585 1703 sit
596 1644 747 1704 desinendi
760 1645 872 1703 modus.

118 1836 299 1897 XXXVIII.
322 1840 391 1912 Sed,
406 1841 553 1917 quomodo
568 1840 597 1899 in
611 1840 692 1899 omni
701 1839 760 1898 vita
774 1839 873 1898 rectis-
888 1835 919 1884 ¹5

81 1935 151 1995 aime
172 1934 352 2012 praecipitur,
368 1947 401 1994 ut
419 1938 652 2014 perturbationes
674 1937 827 2015 fugiamus,
843 1937 872 1996 id

19 2050 20 2059 ¹
82 2043 132 2104 eat,
146 2040 246 2088 motus
268 2031 358 2089 animi
381 2032 497 2104 nimios,
519 2034 625 2091 rationi
646 2053 706 2091 non
726 2034 872 2109 obtempe·

19 2134 21 2199 ἶ
81 2139 193 2199 rantes3
210 2127 254 2185 sic
265 2127 408 2204 ejusmodi
419 2112 546 2187 motibus
558 2149 653 2188 sermo
664 2131 750 2188 debet
758 2148 871 2202 vacare,

20 2220 22 2311 ,
82 2245 117 2284 ne
134 2235 184 2283 aut
198 2225 243 2282 ira
258 2225 393 2298 exsistat3
416 2236 465 2285 aut
485 2227 629 2304 cupiditas
643 2228 749 2302 aliqua,
765 2236 814 2284 aut
829 2225 871 2302 pi·

20 2346 21 2397 i
82 2325 175 2401 gutia,
201 2331 252 2380 aut
271 2322 395 2400 ignauia,
421 2335 470 2382 aut
493 2325 550 2383 tale
575 2324 694 2401 aliquid,
719 2334 871 2400 appareat:
886 2330 919 2383 20

83 2423 264 2500 maximeque
290 2422 450 2481 curandum
478 2431 531 2494 est,
556 2431 589 2478 ut
610 2441 670 2493 eos,
698 2423 872 2497 quibuscum

83 2538 244 2578 sermonem
258 2520 446 2592 conferimus,
461 2529 490 2578 et
501 2519 593 2576 vereri
606 2529 636 2576 et
646 2519 768 2597 diligere
777 2520 873 2580 videa·

83 2634 150 2675 mur.
186 2616 873 2695 Objurgationesetiamnonnunquamincidunt

85 2714 264 2786 necessariae,
288 2714 320 2772 in
343 2714 447 2789 quibus
467 2713 607 2772 utendum
632 2725 676 2771 est
699 2714 820 2773 fortasse
843 2726 873 2774 et

85 2812 161 2868 vocis
175 2811 366 2868 contentione
379 2810 497 2887 majore,
512 2820 541 2868 et
563 2810 714 2868 verborum
734 2812 874 2888 gravitate
887 2806 920 2855 25

88 2908 202 2966 acriore.
244 2904 280 2965 Id
301 2907 444 2984 agendum
463 2907 561 2979 etiam,
575 2917 608 2965 ut
625 2926 663 2965 ne
676 2926 712 2966 ea
725 2907 821 2965 facere
834 2906 875 2964 vi·

88 3002 203 3065 deamur
218 3004 302 3065 irati:
324 3003 388 3077 sed,
400 3014 432 3062 ut
446 3004 482 3062 ad
496 3004 638 3061 urendum
658 3014 688 3062 et
705 3003 886 3076 secandum,-
