2200 3492
92 208 122 255 u.
133 208 167 269 r]
395 209 447 255 ,nc
466 208 614 257 osricus.
899 197 939 256 ω

93 370 123 418 et
135 360 268 438 regenda
288 360 445 437 prudentie
465 371 517 418 est.
561 359 691 419 Maxime
714 370 810 419 sutem
829 359 892 419 hec

94 468 163 515 retus
184 477 202 514 a
220 457 394 515 libidinibus
412 456 539 515 arcenda
558 467 612 529 est,
628 458 847 533 exercendaque
861 457 892 515 iu

94 554 195 611 labore
222 554 422 630 petientidque
456 563 485 611 et
516 553 606 611 enimi
633 564 663 611 et
686 554 831 630 corporis3
860 566 891 613 ut

94 670 207 719 eorum,
222 662 252 709 et
267 651 296 707 in
312 650 425 711 bellicis
439 661 469 708 et
482 650 512 708 in
524 650 658 709 civilibus
672 633 786 722 officiis,
798 652 892 728 vigeat

21 784 22 807 2
96 747 247 805 industria.
289 747 387 822 Atque
409 747 507 819 etism,
526 766 595 804 cum
616 747 745 829 relaxare
770 746 923 820 animos,5

95 856 123 901 et
141 844 213 901 dare
234 862 267 901 se
286 843 463 920 jucunditati
484 843 591 915 volent,
613 853 735 903 caveant
754 843 893 920 intempe-

95 941 237 1010 rentiam3
258 941 445 999 meminerint
453 940 635 998 verecundie
647 961 653 997 ε
669 940 746 1016 quod
757 940 812 998 erit
823 941 892 998 saci·

96 1037 159 1108 lius,
171 1037 201 1094 si
223 1037 253 1094 in
273 1037 416 1112 ejusmodi
433 1037 549 1114 quidem
569 1037 656 1109 rebus
676 1037 800 1114 majores
822 1049 891 1095 netu

97 1133 237 1192 interesse
251 1133 356 1191 velint:
395 1180 399 1187 .

135 1231 264 1288 Senibus
273 1241 371 1289 autem
380 1231 495 1297 lsbores
505 1231 634 1307 corporis
642 1230 803 1302 minuendi,
812 1250 892 1289 exer·
908 1231 939 1281 10

98 1326 252 1385 citationes
267 1326 357 1385 animi
370 1327 458 1386 etium
474 1328 775 1405 eugendreridentu13
796 1328 893 1385 dende

98 1443 162 1480 vero
177 1443 278 1500 opere,
293 1434 368 1482 utet
383 1424 502 1496 amicos,
517 1435 547 1484 et
558 1425 749 1501 juventutem,
760 1437 790 1482 et
804 1424 892 1482 mcxi·

98 1537 141 1577 me
156 1521 381 1596 rempublicam,
393 1521 516 1579 consilio
527 1531 557 1578 et
570 1521 724 1597 prudentiis
736 1540 821 1595 quam
832 1521 893 1595 plu·

97 1619 201 1674 rituum
224 1617 370 1694 adjuvent.
411 1617 494 1675 Nihil
514 1628 610 1675 autem
625 1616 717 1693 magis
732 1614 891 1674 cavendum

98 1726 138 1771 cst
160 1714 319 1795 senectuti,
341 1734 427 1790 quem
449 1712 643 1791 ne'languori
664 1733 695 1772 se
717 1713 893 1789 desidiaeque
909 1720 939 1768 15

98 1811 201 1869 dedat·
236 1811 366 1869 Luxuria
389 1829 467 1882 vero,
493 1831 561 1870 cum
584 1812 665 1870 omni
689 1812 768 1870 etati
790 1812 891 1888 turpis,

99 1918 157 1965 tum
179 1908 327 1965 senectuti
350 1907 510 1967 foedissima
527 1919 587 1969 est:
609 1910 654 1968 siu
678 1920 773 1967 autem
797 1908 893 1967 libidi-

97 2023 164 2061 num
179 2004 270 2061 etium
284 2004 509 2079 intemperantia
529 2007 693 2078 accesserit,
708 2005 813 2084 duplex
833 2025 893 2064 mc·

97 2100 154 2163 lum
168 2110 229 2170 est3
251 2100 329 2176 quod
343 2111 373 2157 et
387 2100 449 2176 ipso
463 2098 599 2159 senectus
613 2103 742 2179 concipit
752 2103 890 2176 dedecus,

98 2208 125 2253 et
146 2197 217 2255 facit
242 2196 472 2254 adolescentium
494 2197 735 2273 impudentiorem
754 2199 892 2275 intempe-
905 2202 937 2253 2⁰

98 2294 227 2351 rentiam.
847 2348 848 2351 ,

134 2388 428 2464 Aeneiiludqnidem
437 2389 563 2448 alienum
571 2392 890 2468 est,demugitmtuum,

97 2487 131 2545 de
139 2486 331 2562 privatorum,
341 2483 392 2562 [de
402 2486 536 2568 civium]
554 2488 590 2545 de
604 2487 821 2564 peregrinorum
832 2488 892 2545 offi-

98 2583 149 2641 ciis
167 2583 278 2640 dicere.
320 2581 374 2640 Ert
390 2582 477 2659 igitur
497 2583 645 2661 proprium
664 2602 769 2641 munus
787 2585 892 2662 magis-

98 2681 196 2752 iratus,
212 2678 386 2755 intelligere,
403 2698 434 2737 se
456 2696 558 2756 gerere
579 2699 732 2756 personam
755 2681 889 2756 civitatis,
904 2693 936 2742 25

98 2776 261 2851 debereque
288 2776 350 2853 ejus
377 2776 547 2853 dignitatem
570 2786 600 2835 et
621 2777 710 2835 decus
736 2778 890 2852 sustinere,

98 2892 210 2931 servare
224 2873 315 2949 leges,
327 2873 394 2948 jure
412 2873 589 2946 describere,
604 2892 640 2931 ea
657 2874 724 2931 fidei
739 2894 798 2932 sure
813 2894 891 2933 com·

99 2969 184 3028 misse
197 2968 374 3029 meminisse.
392 2988 395 2995 ·
416 2968 564 3029 Privatum
576 2980 671 3028 eutem
685 2980 798 3046 oportet
808 2988 891 3047 equo
