2200 3492
175 169 231 229 lut)
508 179 551 226 us
573 178 742 225 osricus·
929 171 1008 234 [nn

219 327 368 405 adjuvent:
389 328 485 404 sitque
497 346 584 387 omne
595 327 749 404 judicium,
760 343 919 402 nonquam
932 323 1010 381 locu·

217 426 288 502 ples,
303 425 354 483 sed
367 425 470 500 qualis,
484 425 605 501 quimue
618 425 664 482 sit.

257 523 426 580 Extremum
460 533 556 580 autem
589 531 775 598 praecepturu,
804 520 833 577 in
860 517 1010 576 beneficiis

218 619 361 694 operique
382 613 488 689 dandi,
508 630 562 687 est,
577 637 614 675 ne
634 616 704 693 quid
724 625 828 674 contra
845 615 1010 691 aequitatem

189 715 387 786 tconteudas,
401 733 439 772 ne
456 714 524 790 quid
545 732 598 790 pro
619 713 732 790 injurii.
774 711 1010 770 Fundamentum

218 812 296 869 enim
329 821 474 887 perpetuae
509 808 768 871 commendationis
795 819 825 866 et
853 809 940 866 same
970 817 1012 864 est

216 907 337 984 justitia,
351 907 414 965 sine
429 907 485 983 qui
498 907 571 965 uibil
585 916 756 983 potestesse
770 904 927 963 laudabile.

258 1100 343 1158 XXI.
369 1101 439 1173 Sed,
459 1101 596 1176 quoniam
616 1100 652 1156 de
672 1118 707 1157 eo
727 1117 833 1176 genere
853 1097 1013 1155 beneficio·

220 1216 283 1255 rum
315 1196 425 1254 dictum
453 1206 506 1268 est,
534 1216 597 1272 quac
628 1196 663 1255 ad
696 1194 826 1272 singulos
860 1203 1011 1270 spectant3

177 1299 206 1347 10
220 1292 357 1370 deinceps
384 1293 420 1353 de
447 1293 483 1351 iis
509 1313 573 1369 quae
595 1293 630 1351 ad
651 1292 810 1363 universos,
831 1310 956 1367 quaeque
979 1290 1013 1348 ad

220 1389 427 1466 rempublicam
447 1390 601 1466 pertinent,
623 1388 826 1464 disputandum
851 1398 905 1447 est.
957 1387 1033 1445 Eo·>

221 1505 283 1544 rum
305 1495 400 1547 autem
422 1487 546 1563 ipsorum
562 1485 664 1562 partim
679 1484 821 1561 ejusmodi
834 1495 915 1556 sunt,
931 1495 965 1542 ut
979 1483 1014 1541 ad

221 1582 368 1641 universos
395 1581 473 1640 cives
498 1581 670 1658 pertineant,
690 1579 794 1656 partim
821 1580 958 1657 singulos
982 1587 1014 1638 ut

221 1679 372 1757 attingant,
387 1699 450 1755 quae
470 1688 538 1739 suut
558 1678 644 1736 etiam
664 1676 799 1754 gratiora.
841 1675 951 1735 Danda
970 1687 1013 1735 est

177 1784 206 1833 15
220 1794 307 1852 opera
326 1776 455 1846 omnino,
469 1775 494 1832 si
514 1774 613 1850 possit,
627 1773 765 1849 utrisque,
779 1791 835 1831 nec
856 1773 968 1849 minus,
982 1783 1014 1832 ut

220 1870 306 1929 etiam
327 1870 448 1948 singulis
468 1870 643 1941 consulatur,
658 1871 710 1928 sed
730 1870 779 1941 ita,
794 1879 826 1927 ut
839 1888 874 1927 ea
891 1879 943 1927 'res
965 1880 1014 1928 aut

220 1966 318 2045 prosit,
348 1977 396 2026 aut
430 1977 508 2025 certe
540 1986 600 2025 non
633 1968 718 2039 obsit,
745 1966 922 2043 reipublicae.
978 1967 1013 2024 C.

219 2064 346 2123 Gracchi
367 2064 554 2123 frumentaria
576 2083 683 2142 magna
701 2064 832 2142 largiti0;
860 2064 1014 2122 exhaurie-

220 2163 269 2219 bat
289 2161 376 2240 igitur
396 2161 544 2220 aerarium:
567 2161 683 2219 modica
702 2161 743 2219 M.
765 2160 892 2233 Octavii,
907 2172 938 2220 et
961 2160 1014 2220 rei·

175 2275 206 2325 20
219 2259 341 2336 publicae
361 2259 528 2333 tolerabilis,
543 2269 572 2316 et
591 2258 669 2334 plebi
688 2258 869 2328 necessaria;
891 2277 965 2336 ergo
984 2269 1014 2317 et

220 2356 330 2414 civibus
344 2368 373 2415 et
387 2355 553 2432 reipublicae
568 2355 708 2413 salutaris.

257 2452 414 2528 Inprimis
436 2462 531 2510 autem
552 2451 708 2510 videndum
731 2450 786 2509 erit
804 2452 842 2524 ei,
865 2451 915 2528 qui
938 2471 1014 2511 rem·

219 2547 363 2624 publicam
385 2548 605 2627 administrabit,
619 2555 652 2605 ut
665 2567 748 2607 suum
763 2547 883 2624 quisque
900 2558 1011 2620 teneat,

220 2662 313 2719 neque
340 2644 377 2701 de
400 2645 484 2703 bonis
509 2644 685 2721 privatorum
709 2644 826 2721 publice
853 2645 1011 2704 diminutio

174 2744 207 2794 25
220 2739 276 2798 liat.
330 2738 498 2798 Perniciose
524 2740 601 2820 enim
626 2739 777 2817 Philippus
797 2740 828 2798 in
848 2740 1010 2812 tribunatu,

221 2855 286 2895 curn
307 2835 400 2913 legem
422 2836 562 2913 agrariam
583 2836 670 2896 ferret
691 2835 791 2914 (quam
814 2849 913 2896 tamen
938 2837 1011 2896 anti-

220 2932 302 3010 quari
322 2932 407 2991 facile
426 2951 527 3009 passus
547 2944 600 3008 est,
615 2946 643 3001 et
663 2933 694 2992 in
714 2953 751 2993 eo
771 2934 958 2993 vehementer
977 2953 1010 2993 se
