2200 3492
184 192 240 253 190
514 202 559 250 nn
580 201 726 260 osricus
922 200 1018 261 [nm.

229 351 318 423 niam,
338 369 401 426 que
421 350 542 409 honesta
567 370 627 409 non
647 351 694 423 sit,
715 370 755 409 ne
775 349 873 408 utilem
900 348 1021 426 quidem

229 466 293 506 eme
327 447 455 508 arbitror.
507 446 591 510 Quid
622 447 701 506 enirn
735 447 901 504 auditurum
934 455 1022 522 putas

231 544 319 604 tuisse
337 544 487 620 Ulyssem,
508 544 533 602 si
553 545 584 610 in
606 544 655 602 itit
682 543 864 606 simulatione
889 561 1023 619 persero·
1089 565 1090 622 ;

230 641 341 698 rdssetl
361 641 420 717 qui,
439 660 506 700 cum
526 641 666 700 maximas
686 660 730 699 res
749 638 1022 718 gesserltinbello,

197 749 214 796 5
229 747 327 793 tamen
340 736 402 793 haec
417 736 514 795 audiat
528 738 565 795 ab
578 736 687 813 Ajacc:

315 879 331 904 ‘⁴
340 874 417 938 Cuju'
428 874 481 937 ipse
492 874 608 937 princeps
614 873 678 940 juris
686 873 788 937 jurandi
798 873 856 935 fnit,

268 966 271 970 ’
340 954 415 1011 Quod
424 969 512 1002 omnes
523 954 601 1016 scitis,
612 954 680 1003 solus
691 954 804 1020 neglexit
814 954 898 1002 fidem.

339 1033 431 1084 Furere
441 1034 611 1092 assimulavit3
627 1049 660 1084 ne
671 1034 757 1096 coiret,
767 1034 866 1082 institit
906 1069 920 1078 a

339 1114 414 1172 Quod
424 1114 453 1161 ni
463 1114 603 1163 Palamedis
614 1115 745 1179 perspicax
756 1114 888 1178 prudentia

183 1202 213 1254 lo
338 1193 415 1242 latins
425 1202 555 1257 percepset
565 1195 714 1244 malitiosam
724 1194 862 1254 audaciam,

338 1273 398 1322 Fide
409 1281 533 1323 sacratum
541 1290 584 1338 jus
594 1282 714 1339 perpetuo
725 1274 847 1323 falleret.'’

228 1407 276 1466 Illi
295 1428 373 1482 vcro,
387 1429 445 1468 non
465 1409 554 1468 modo
571 1427 640 1468 cum
661 1410 802 1481 hostibus,
817 1421 1020 1472 verumetiam

225 1522 296 1564 cum
319 1505 465 1579 fluctibns,
487 1505 530 1583 (id
551 1506 626 1581 quod
647 1506 730 1587 fecit)
753 1506 892 1565 dimicare
913 1506 1020 1566 melius

228 1602 293 1674 fuit,
307 1622 392 1682 quam
413 1603 545 1661 descrere
565 1602 794 1672 consentientem
815 1604 960 1662 Graeciam
982 1604 1020 1663 ad
1089 1631 1090 1654 i

183 1698 701 1770 15s011umsarbaraufer0naum.
752 1699 812 1757 ses
838 1700 1020 1758 amittamus
1089 1677 1090 1736 ἴ

228 1803 258 1851 et
271 1795 391 1867 fabulas,
402 1806 431 1852 et
442 1805 576 1856 externa:
599 1795 634 1853 ad
649 1814 709 1854 rem
724 1795 840 1867 factam,
851 1806 1018 1872 nostraque,
1089 1803 1090 1858 l

228 1889 385 1947 veniamus.
439 1890 480 1948 M.
503 1891 623 1950 Attilins
650 1892 792 1969 Regulus,
814 1911 891 1965 cum,
914 1893 1019 1952 consul

228 1986 342 2058 iterum,
357 1986 387 2044 in
408 1987 511 2046 Asriad
530 2007 567 2046 ex
587 1988 699 2048 insidiis
719 1999 821 2065 captus
840 1999 927 2060 esset,
941 1989 1019 2048 duce

227 2082 397 2160 Xanthippo
437 2083 668 2156 Lacedaemonio,
709 2085 879 2162 imperatore
921 2095 1018 2145 antem

179 2195 211 2245 20
227 2189 307 2256 patre
328 2180 511 2252 Hannibalis,
525 2181 702 2253 Hamilcare,
717 2182 829 2258 juratus
849 2183 953 2240 missus
973 2195 1019 2241 est

228 2278 264 2335 ad
277 2287 418 2351 senatum,
433 2288 474 2358 ut,
488 2277 544 2336 nisi
559 2278 663 2345 redditi
676 2288 773 2336 essent
792 2278 890 2340 Poenis
910 2269 1017 2355 captivi

227 2373 339 2431 nobiles
358 2373 484 2450 quidam,
505 2374 612 2448 rediret
633 2374 694 2451 ipse
714 2374 930 2452 Carthaginem.
975 2375 1017 2447 Is,

227 2488 295 2526 cnm
308 2470 436 2528 Romam
450 2470 584 2542 venisset,
599 2470 731 2532 utilitatis
744 2471 870 2546 speciem
885 2449 1016 2543 videbam
1089 2457 1090 2504 3

227 2564 278 2654 sed
298 2584 372 2637 eam,
386 2577 419 2623 ut
438 2586 484 2625 res
504 2566 641 2638 declarat,
651 2567 757 2628 ,falsam
774 2568 930 2644 judicavit:
952 2587 1016 2644 qua

178 2673 210 2722 Ξ)
227 2670 289 2724 erat
308 2661 390 2719 talis:
413 2682 528 2720 manere
542 2662 688 2739 inpetriri,
703 2682 766 2722 csse
782 2664 933 2722 domicum
948 2684 1016 2723 eum

226 2776 323 2829 uxore,
345 2776 412 2815 cnm
432 2758 546 2829 liberis;
568 2778 653 2834 quam
674 2761 867 2820 calamitatem
889 2763 1019 2837 accepis·

226 2865 270 2913 set
289 2854 319 2912 in
340 2854 426 2926 bello,
447 2843 639 2916 communem*
656 2858 776 2917 lortnnae
804 2858 916 2915 bellice
941 2858 1017 2936 jndi-

226 2960 350 3021 cantem,
377 2961 476 3010 tenere
509 2954 669 3021 consularis
701 2955 852 3034 dignitatis
880 2955 1013 3032 gradum.
