2200 3492
95 221 185 285 un]
386 226 430 273 na
451 227 598 275 osricus.
887 216 943 276 139

94 374 206 453 potius,
234 393 322 450 quam
349 374 481 432 maximia
508 375 639 450 eorporis
666 375 783 434 viribus.
828 374 896 450 Ipsa

95 473 174 530 inter
196 491 229 528 se
251 471 378 546 eorporis
399 470 458 529 sio:
490 481 521 529 ut
542 473 620 530 bona
641 473 774 530 valetudo
797 475 895 549 volup·

95 569 149 627 tati
176 578 378 644 anteponatur,
400 568 475 625 vires
500 568 650 627 celeritati.
699 568 893 628 Exteruorum

90 650 208 738 ¹autem,
229 674 261 722 ut
282 665 375 741 gloria
395 664 512 736 divitiis,
528 665 683 742 vectigalia
704 666 814 725 urbana
833 687 894 726 rus·

94 764 174 822 tieis
217 763 264 820 Ex
284 781 341 839 quo
368 780 476 839 genere
503 763 737 838 comparationis,
759 764 830 821 illud
850 770 926 823 est5

94 860 219 920 Catonis
252 858 347 929 senis3
382 878 400 916 a
426 877 484 934 quo
518 878 585 916 eum
612 871 797 935 quaereretur,
825 861 895 936 quid

94 958 224 1015 maxime
258 956 289 1013 iu
323 975 354 1013 re
385 954 518 1013 familiari
551 956 709 1032 expediret,
737 958 894 1034 respondit,

94 1055 179 1117 Bene
205 1071 334 1129 pascere.
389 1052 473 1114 Quid
500 1053 681 1111 seeunduml
715 1054 793 1113 Satis
821 1055 894 1113 bene

92 1170 225 1232 pascere.
267 1148 351 1212 Quid
377 1150 516 1208 tertiuml
536 1149 616 1207 Male
641 1170 770 1226 pascere.
809 1151 894 1215 Quid

95 1250 255 1327 quartuml
276 1249 378 1305 Arare.
420 1246 469 1319 Et,
491 1266 559 1304 cum
580 1248 638 1320 ille,
661 1248 711 1323 qui
730 1249 893 1324 quaesierat,
910 1258 940 1309 10

95 1347 228 1417 dixisset,
262 1344 345 1407 Quid
380 1342 534 1401 foeueraril
568 1354 630 1401 tum
664 1345 747 1417 Catu,
781 1346 894 1408 “Quid

94 1444 277 1514 hominem,''
303 1442 404 1519 inquit,
433 1442 644 1499 “occideret’'
695 1442 741 1499 Ex
768 1462 837 1517 quo,
864 1453 894 1501 et

94 1541 195 1601 multis
217 1539 291 1610 aliis,
312 1538 435 1616 intelligi
456 1538 553 1608 debet,
569 1538 725 1595 utilitatum
747 1557 895 1614 compara·

95 1640 193 1698 tiones
214 1637 278 1696 fieri
298 1637 401 1708 solere,
415 1646 552 1709 reeteque
574 1635 629 1692 hoe
649 1634 817 1710 adjunctum
830 1655 895 1692 esse

95 1746 233 1813 quartum
247 1733 490 1810 exquirendorum
503 1731 665 1791 officiorum
679 1750 780 1809 genus.
909 1742 940 1791 1⁵

136 1832 198 1890 Sed
226 1840 289 1889 toto
316 1831 373 1887 hoe
400 1830 436 1887 de
463 1847 581 1906 genere,
608 1826 644 1885 de
668 1830 833 1903 quaereudri,
856 1828 893 1890 de

95 1928 272 1991 collocandi
292 1926 429 2004 pecuum,
450 1926 538 1983 etiam
563 1925 599 1981 de
627 1926 745 1998 utendi,
767 1946 894 1984 eommo-

95 2029 163 2087 dius
190 2047 209 2084 a
234 2024 408 2100 quibusdam
442 2022 560 2098 optimis
593 2023 661 2081 viris
695 2024 731 2082 ad
765 2025 894 2084 medium

96 2125 205 2183 Ianum
233 2121 412 2191 sedentibus,
440 2138 526 2195 quam
555 2120 591 2177 ab
618 2120 684 2178 ullis
713 2121 894 2197 philosophis

96 2222 156 2281 ulla
177 2221 209 2278 in
229 2217 341 2288 scholi,
357 2217 527 2294 disputatur.
569 2218 644 2275 Sunt
664 2227 762 2274 tamen
776 2237 812 2275 ea
825 2236 894 2294 eog-
907 2227 940 2278 ut

95 2318 263 2378 noscenda:
284 2314 430 2391 pertinent
450 2313 529 2371 euim
551 2314 586 2372 ad
606 2313 769 2385 utilitatem,
784 2315 821 2370 de
835 2315 893 2388 quai

96 2419 152 2476 hoo
177 2415 254 2473 libro
282 2412 459 2488 disputatum
487 2421 538 2469 est.
594 2409 723 2486 Reliqua
755 2410 895 2488 deinceps

94 2529 311 2591 persequemur.
