2200 3492
178 222 235 283 168
510 224 554 272 DE
576 220 722 270 osricus
917 211 1018 274 [trun

222 379 299 436 enim
319 376 349 434 id
370 385 413 432 est
433 374 538 445 celare,
553 369 691 447 quidquid
704 367 844 426 reticeas:
866 365 917 423 sed
931 383 1015 437 cum,

222 473 297 550 quod
311 482 342 529 tu
357 472 442 542 scias,
457 469 487 527 id
501 466 634 546 ignorare
653 463 838 523 emolumenti
859 462 901 520 tui
922 462 1017 519 causi

223 569 293 627 velis
307 587 366 640 eos,
382 584 503 642 quorum
524 565 637 622 intersit
657 562 686 620 id
707 561 790 619 scire.
832 559 900 617 Hoc
915 568 1015 616 autem

223 660 345 724 celandi
357 683 449 742 genus
469 662 554 737 quale
574 662 620 732 sit,
640 671 669 717 et
689 660 772 735 cujus
791 656 926 728 hominis,
947 656 1017 732 quis

191 778 280 825 bnon
303 760 400 819 videtl
455 759 542 817 Certe
569 762 628 817 non
655 755 754 832 aperti,
775 772 834 812 non
861 752 1015 829 simplicis,

222 876 280 915 non
308 855 438 933 ingenui,
458 874 516 913 nun
536 853 620 930 justi,
640 870 700 909 non
719 850 772 907 viri
793 850 879 920 boni;
903 848 1017 905 versuti

222 954 329 1030 potius,
343 952 470 1024 obscuri,
486 950 582 1022 astuti,
603 948 722 1020 fallacis,
741 946 888 1017 malitiosi,
903 945 1016 1017 callidi,

223 1050 400 1121 veteratoris,
415 1049 493 1109 vafri.
536 1047 610 1104 Haec
629 1056 672 1103 tot
692 1043 792 1102 etalio
809 1043 902 1119 plura,
916 1061 1018 1100 nonne

224 1145 326 1203 inutile
340 1157 393 1213 est,
408 1145 540 1216 vitiorum
555 1143 652 1200 subire
665 1140 803 1199 nominat

180 1351 211 1400 ιο
264 1336 346 1396 XIV.
368 1337 459 1399 Quod
479 1337 504 1393 si
524 1336 704 1412 vituperandi
725 1328 801 1407 sunt,
823 1336 871 1411 qui
891 1334 1018 1392 reticue·
1051 1393 1053 1395 ,

225 1445 303 1507 runt,
318 1434 437 1510 quidde
452 1434 488 1495 iis
508 1432 730 1491 existimandum
744 1445 797 1504 est,
812 1433 861 1509 qui
874 1432 1019 1493 orationis

225 1534 380 1591 vanitatem
403 1530 615 1589 adhibuerunt?
656 1530 690 1587 C.
706 1529 826 1601 Canius,
847 1548 935 1605 eques
954 1529 1021 1587 Ro-

227 1647 339 1699 manus,
355 1646 411 1685 nec
432 1628 583 1696 infacetus,
597 1608 631 1683 et*
647 1626 716 1683 satis
736 1625 875 1697 literatus,
897 1645 964 1684 cum
985 1645 1020 1683 se

229 1727 396 1801 Syracusas,
415 1723 525 1781 otiandi
547 1721 594 1799 (ut
613 1724 673 1798 ipse
693 1722 791 1780 dicere
812 1722 936 1802 solebat)
957 1741 1019 1780 non

181 1842 212 1894 15
228 1819 396 1897 negotiandi
416 1821 514 1892 causi,
536 1821 714 1892 contulisset,
730 1821 890 1891 dictitabat,
905 1838 937 1876 se
955 1820 1023 1878 hor·

227 1917 304 1976 tulos
326 1916 437 1990 aliquos
457 1916 529 1973 velle
549 1936 655 1989 emere,
677 1936 734 1993 quo
755 1917 875 1974 invitare
898 1917 1020 1987 amicoS,

228 2024 258 2072 et
271 2014 321 2071 ubi
336 2030 367 2068 se
382 2012 529 2069 oblectare
548 2014 609 2070 sine
629 2014 898 2090 interpellatoribus,
912 2024 1019 2089 posset.

228 2110 318 2172 Quod
348 2128 414 2167 cum
441 2111 662 2186 percrebuisset,
689 2110 809 2186 Pythius
836 2111 864 2168 ei
891 2111 1020 2185 quidam,

229 2207 278 2284 qui
293 2208 485 2285 argentariam
507 2208 614 2265 faceret
632 2208 792 2282 Syracusis,
808 2207 890 2278 dixit,
903 2207 1023 2264 venales

183 2331 215 2381 20
231 2305 347 2380 quidem
375 2324 406 2362 se
434 2306 532 2362 hortos
558 2323 617 2362 non
644 2304 759 2376 habere,
785 2305 835 2361 sed
862 2304 950 2361 licere
978 2304 1022 2361 uti

232 2402 337 2475 Canio,
359 2403 383 2463 si
408 2402 501 2473 vellet,
523 2413 555 2458 ut
578 2401 654 2458 suis:
685 2411 714 2457 et
737 2401 822 2458 simul
848 2400 883 2458 ad
907 2419 1021 2457 omnam

232 2498 380 2557 hominem
401 2500 431 2557 in
452 2498 548 2556 hortos
569 2497 699 2555 invitavit
719 2498 748 2554 in
767 2508 911 2572 posterum
933 2496 1021 2554 diem.

233 2593 310 2651 Cum
334 2596 389 2653 illc'
405 2595 591 2671 promisisset,
616 2604 677 2651 tum
701 2593 821 2670 Pythius
848 2592 911 2670 (qui
935 2602 1021 2662 esset,

234 2699 266 2747 ut
287 2693 475 2767 argentarius,
497 2691 571 2767 apud
595 2711 696 2749 omnes
722 2690 837 2749 ordines
863 2690 1021 2768 gratiosus)

186 2809 218 2859 25
233 2773 441 2862 piscatoresad
456 2802 488 2845 se‘
500 2788 680 2859 convocavit,
694 2797 724 2845 et
745 2787 781 2844 ab
802 2785 848 2843 his
867 2786 976 2862 petivit,
991 2794 1024 2841 ut

236 2894 302 2941 ante
322 2903 388 2956 suos
408 2884 534 2942 hortulos
555 2885 692 2960 postridie
716 2884 913 2960 piscarentur:
941 2880 1024 2938 dixit·

236 3001 302 3058 que,
317 2982 384 3058 quid
399 3000 449 3038 eos
463 2981 559 3039 facere
574 2974 666 3039 vellet.
708 2981 756 3038 Ad
770 2998 883 3038 coenam
897 2987 1025 3054 tempore
