2200 3492
1042 22 1082 87 η

509 205 554 254 na
573 204 721 255 ormena
944 208 987 268 [a
1001 207 1023 254 ι.-

216 375 279 415 rum
293 356 458 434 pulchrum,
472 355 629 417 Periclel”
672 355 741 414 “At
754 354 1019 432 enimpraetorem,

216 454 373 531 Sophocle,
394 454 490 528 deoet,
511 471 572 511 non
595 452 690 513 solum
711 472 824 525 manns,
846 452 897 511 sed
917 452 1018 512 etiam

214 551 327 623 oeulos,
353 551 532 611 abstinentes
554 550 691 610 habere.''
733 550 832 628 Atque
853 551 913 610 hoo
934 550 1018 609 idem

215 647 378 725 Sophocles
397 647 423 707 ei
443 647 474 707 in
496 647 669 709 athletarum
688 647 862 726 probatione
882 647 1016 721 dixisset,

186 753 202 802 5
212 745 291 821 justi
317 745 542 822 reprehensione
570 745 728 805 oerrrisset:
755 754 837 803 tanta
856 744 899 802 vis
919 754 966 803 est
985 755 1017 803 et

215 842 285 914 loei,
306 852 336 900 et
355 842 508 920 temporis
542 841 583 901 Ut
602 841 627 901 si
647 841 722 919 quis,
742 860 811 899 oum
835 860 957 901 eausam
977 841 1017 900 sit

217 949 344 1012 aeturus,
364 939 396 1010 in
420 939 535 1013 itinere,
558 949 608 999 ant
630 939 661 998 in
683 937 889 1011 ambulatione,
910 957 1015 997 seeum

216 1035 278 1113 ipse
312 1037 478 1110 meditetur,
514 1048 563 1096 aut
596 1036 621 1095 si
656 1036 726 1114 quid
760 1036 838 1094 eliud
873 1036 1015 1094 attentius

217 1133 336 1210 anguet,
357 1152 417 1192 non
437 1133 680 1212 reprehendatur:
708 1143 737 1199 at
757 1132 815 1192 boe
835 1132 913 1190 idem
934 1131 961 1190 si
981 1132 1014 1191 in

172 1236 204 1286 lo
217 1230 352 1288 convivio
375 1229 473 1305 faeiat,
493 1231 671 1289 inhumanus
691 1230 833 1307 videatur,
853 1230 1013 1288 inscientia

217 1328 361 1406 temporis.

257 1425 317 1483 Sed
341 1445 386 1500 ea,
407 1445 471 1505 que
495 1425 617 1489 multum
641 1426 678 1485 ab
700 1425 880 1485 humanitate
903 1425 1014 1485 disere·

216 1533 296 1601 pant,
317 1532 359 1597 ut,
379 1524 404 1583 si
426 1525 491 1602 quis
510 1524 541 1583 in
562 1524 626 1583 soro
644 1533 754 1597 oentet,
776 1533 826 1583 aut
845 1523 870 1582 si
889 1542 947 1599 qua
967 1534 1013 1582 est

218 1620 276 1679 elia
301 1632 407 1699 magna
439 1621 620 1698 perversitas,
649 1619 735 1682 faoile
767 1627 919 1698 appareut3
953 1638 1013 1680 neo

175 1723 203 1772 15
217 1736 392 1795 magnopere
420 1718 647 1778 admonitionem
673 1728 703 1777 et
718 1727 874 1796 <praecepta
899 1717 1013 1775 deside-

217 1820 291 1875 tant
330 1814 409 1876 Quia
430 1825 525 1875 autem
545 1834 635 1891 parua
655 1815 787 1875 videntur
807 1833 872 1873 esse
892 1814 1010 1887 delieta,

217 1928 311 1985 neque
326 1929 343 1967 a
356 1909 454 1968 multis
474 1910 598 1990 intelligi
617 1922 749 1988 possunt,
771 1912 807 1971 ab
827 1912 863 1970 iis
882 1923 927 1970 est
947 1911 1012 1970 dili·

216 2006 332 2084 gentius
359 2007 574 2068 declinandum.
628 2009 668 2068 Ut
695 2009 738 2069 in.
758 2009 873 2081 fidibus,
902 2019 953 2069 aut
979 2009 1010 2068 in

217 2104 306 2176 tibiis,
329 2104 458 2180 quamvis
481 2106 598 2183 paulum
625 2107 799 2184 discrepent,
821 2117 919 2165 tamen
941 2106 1012 2166 ida

170 2202 203 2257 Ἄ)
217 2201 538 2263 seienteanimadverti
558 2204 650 2275 solet3
674 2203 719 2262 sio
738 2203 894 2262 videndum
914 2204 1010 2263 estin

217 2298 285 2371 vita,
306 2319 344 2357 ne
365 2300 439 2358 sorte
459 2301 530 2377 qnid
549 2301 710 2377 discrepem
738 2302 785 2360 vel
803 2303 895 2361 multo
921 2301 1010 2361 etiem

216 2397 318 2474 magis,
346 2417 404 2473 quo
435 2398 524 2475 major
550 2407 580 2456 et
606 2398 709 2457 melior
743 2399 889 2461 actionum
923 2419 1008 2477 quam

216 2511 354 2553 sonorum
369 2505 531 2555 concentus
544 2506 597 2553 est.
768 2484 772 2490 ’

255 2682 336 2746 XLI.
357 2686 469 2764 Itaque,
494 2699 526 2747 ut
549 2688 580 2746 in
600 2689 705 2747 fidibus
725 2690 904 2748 musicorum
926 2710 1008 2750 aures
1067 2682 1069 2705 ³

170 2798 202 2848 23
215 2783 260 2841 vel
280 2784 401 2843 minima
420 2785 565 2857 sentiunt;
587 2785 631 2845 sie
651 2804 714 2858 nos,
736 2786 761 2846 si
784 2806 866 2845 aeres
890 2806 926 2847 ao
946 2788 1007 2847 dili·

215 2891 317 2957 gentes
340 2900 403 2940 esse
429 2882 562 2941 volumus
589 2882 835 2942 animadversores
861 2884 1005 2958 vitiorum,

216 2997 322 3063 magna
341 2998 416 3058 sepe
436 2979 632 3060 intelligemus
651 3000 688 3041 er
706 2980 810 3059 parvis.
852 2981 899 3041 Er
912 2982 1005 3044 oeulo-
