2200 3492
164 218 205 277 56
351 191 354 196 ’
500 224 543 270 nn
560 223 705 271 osricus.
930 220 970 281 [c.
980 219 1001 267 1.

209 373 281 433 iliud
294 377 396 450 poetes
410 371 546 445 dicimus,
561 372 638 447 quod
658 373 770 443 deceat,
785 389 853 429 cum
867 369 907 443 id,
921 368 1002 445 quod

209 472 323 546 quiaque
336 471 461 545 persond
475 469 595 546 dignum
610 479 662 541 est,
677 479 707 526 et
716 468 758 540 fit,
769 478 798 526 et
811 467 935 527 dicitnr:
957 476 1001 539 ut,

209 567 234 625 si
248 567 359 625 AErcus
374 577 423 624 aut
437 564 536 624 Minos
550 566 672 638 diceret,

365 682 381 710 ‘⁸
390 678 505 741 Oderint,
516 679 577 727 dum
588 685 703 729 metuant
711 678 736 727 :’‘

181 770 270 834 tant,

365 862 382 888 “
392 857 464 907 Natis
475 857 591 921 sepulcro
600 857 654 922 ipse
664 863 704 906 est
714 871 804 920 parens
813 855 837 904 :''

211 954 379 1017 indecorum
395 944 556 1027 videretur3
578 957 653 1032 quod
673 975 724 1014 eos
743 956 832 1014 fuisse
849 955 940 1031 justos
955 973 1004 1013 ac·

210 1055 349 1130 cepimus.
389 1054 440 1125 At,
451 1055 543 1113 Atreo
555 1054 681 1126 dicente,
691 1054 810 1130 plausus
820 1053 1002 1111 excitantur:

210 1161 255 1208 est
268 1151 345 1208 enirn
357 1151 446 1227 digna
458 1151 583 1226 personis
596 1150 698 1208 oratio.
739 1150 800 1207 Sed
812 1154 916 1225 poete,
931 1148 1003 1224 quid

168 1256 198 1306 10
211 1267 354 1323 quemque
368 1248 481 1319 deceat,
496 1266 532 1305 ex
545 1247 668 1323 persont
683 1247 864 1322 judicabunt.
904 1245 1004 1303 Nobis

212 1354 308 1403 autem
316 1363 468 1421 personum
480 1344 618 1420 imposuit
629 1344 691 1420 ipse
701 1343 924 1420 naturc,mngnri
933 1361 1003 1401 cum

211 1441 612 1517 excellentirpraestantitque
620 1440 807 1499 animantium
815 1440 1003 1515 reliquarum,

210 1539 364 1602 Quocirca
375 1543 481 1614 poete,
495 1539 526 1596 in
541 1540 646 1616 magni
657 1539 794 1596 varietate
803 1556 1003 1613 personarum.

212 1636 300 1694 etiam
313 1635 424 1693 vitiosis
442 1636 511 1711 quid
533 1635 696 1706 conveniat,
711 1635 820 1710 etquid
835 1634 947 1705 deceat,
961 1633 1005 1692 vi·

168 1734 200 1784 15
212 1731 337 1789 debunt:
359 1730 445 1788 nobis
458 1740 555 1789 autem
570 1750 647 1801 cum,
663 1730 807 1802 anaturi,
821 1729 1003 1802 constantine,

212 1826 429 1898 moderationis,
457 1826 663 1902 temperantiae,
691 1825 872 1884 verecundiae
904 1839 1004 1903 partes

212 1921 286 1981 datae
307 1922 380 1993 sint3
409 1940 536 1998 cumque
562 1922 664 1979 eadem
684 1932 787 1981 natura
806 1923 920 1994 doceat,
941 1942 1003 1982 non

212 2018 371 2096 negligere,
385 2017 627 2094 quemadmodum
648 2038 702 2077 nos
722 2019 856 2077 adversus
870 2018 1004 2078 homines

212 2132 362 2191 geramum
384 2114 517 2187 efficitur,
533 2126 566 2172 ut
585 2126 615 2174 et
635 2116 717 2188 illud,
732 2116 808 2191 quod
830 2116 865 2173 ad
885 2134 1003 2174 omnem

168 2213 200 2264 2⁰
213 2211 393 2270 honestatem
412 2213 547 2288 pertinet,
563 2213 711 2284 decorum,
726 2232 812 2287 quam
832 2213 889 2270 late
907 2213 1004 2271 fusum

213 2309 260 2379 sit,
276 2319 425 2385 appareat;
447 2319 475 2367 et
488 2309 557 2381 hoc,
572 2309 650 2383 quod
671 2316 816 2385 spectatur
830 2310 860 2366 in
874 2327 1004 2385 unoquo·

213 2424 269 2480 que
283 2425 390 2483 genere
405 2405 526 2464 virtutis.
568 2406 607 2463 Ut
618 2405 696 2463 enim
706 2405 892 2480 pulchritudo
903 2425 1005 2482 corpo-

213 2502 253 2560 ris
268 2502 334 2577 apti
348 2502 560 2578 compositione
574 2504 766 2560 membrorum
781 2512 877 2560 movet
890 2503 1004 2576 oculos,

213 2610 243 2654 ct
255 2597 381 2655 delectat
395 2598 451 2655 hoc
465 2598 536 2674 ipso,
551 2599 626 2673 quod
648 2598 723 2655 inter
743 2618 774 2655 se
795 2616 896 2656 omnes
908 2609 1006 2676 partes

169 2700 200 2750 25
214 2712 281 2751 cum
302 2695 427 2768 quodam
446 2694 544 2770 lepore
566 2695 769 2766 consentiunt;
791 2696 834 2753 sic
848 2695 906 2752 hoc
919 2697 1005 2755 deco·

214 2808 288 2860 rum,
302 2788 379 2865 quod
400 2790 498 2847 elucet
518 2791 548 2849 in
567 2791 636 2862 vitri,
651 2802 747 2850 movet
768 2793 1005 2868 approbationem

214 2905 315 2944 eorum
336 2886 512 2962 quibuscum
523 2887 636 2955 vivitur,
653 2889 765 2961 ordine,
780 2900 809 2946 et
829 2890 1004 2961 constantii,

214 2993 243 3043 et
253 2983 452 3045 moderatione
462 2984 606 3045 dictorum
615 2986 746 3044 omnium
757 2996 842 3062 atque
851 2986 1003 3045 factorum.
