2200 3492
8 14 128 175 Γ

92 235 189 297 nun]
385 236 429 284 mr
450 237 596 284 onmcns.
879 225 928 282 171

91 387 143 464 qui
177 386 235 443 hoc
271 384 340 442 boni
377 384 430 443 viri
468 385 558 443 titisse
594 395 698 463 neget3
736 383 883 461 sapientis,

92 493 219 561 negant3
248 492 289 552 ut,
310 481 334 538 si
354 481 485 549 minoris,
504 500 590 558 quam
616 482 767 558 potuisset,
788 481 886 539 vendi-

93 581 192 638 disset
249 577 323 636 Haec
358 577 445 655 igitur
473 588 517 636 cst
543 578 594 636 illa
624 579 778 655 pernicies,
806 579 884 654 quod

93 677 168 733 alios
188 672 291 746 bonos}
305 674 376 755 alios
396 673 550 751 sapientes,
571 674 751 733 existimant:
772 695 809 733 ex
828 695 885 751 quo

93 773 218 842 Ennius,
247 771 469 846 “nequidquam
505 789 606 846 sapere
639 772 808 848 sapientem,
834 772 914 849 qui5

92 869 148 927 sibi
164 868 224 944 ipsc
236 867 373 944 prodesse
386 886 445 925 non
459 867 581 942 quiret'’
624 868 701 925 Vere
714 869 743 926 id
757 868 883 945 quidem,

92 967 127 1037 si,
142 964 211 1041 quid
232 975 308 1022 esset
322 971 341 997 “
350 964 516 1040 prodesse,''
532 964 604 1023 mihi
618 984 684 1024 cum
704 965 803 1023 Ennio
816 984 884 1023 con-

92 1049 213 1119 veniret.
254 1060 438 1118 Hecatonem
451 1060 568 1135 quidem
583 1060 746 1133 Rhodium,
759 1061 885 1138 discipu·

92 1159 151 1217 lum
173 1157 306 1228 Panaetii,
320 1157 405 1214 video
425 1157 455 1214 in
475 1157 512 1214 iis
531 1157 623 1230 libris,
638 1177 710 1233 quos
727 1160 765 1216 dc
777 1158 885 1216 Officio

92 1254 209 1331 scripsit
234 1254 275 1316 Q.
304 1253 463 1326 Tuberoni,
492 1254 601 1326 dicere,
631 1255 777 1333 Sapientis
810 1262 931 1328 esse,10

92 1350 166 1410 nihil
190 1360 293 1409 contra
318 1369 423 1422 mores,
447 1352 537 1428 leges,
562 1352 693 1410 instituta
719 1353 884 1421 facientem,

93 1449 201 1517 habere
227 1448 368 1506 rationem
396 1448 438 1506 rei
465 1448 624 1509 familiaris.
674 1448 780 1525 Neque
807 1450 885 1507 enim

92 1546 187 1604 solum
212 1545 297 1603 nobis
320 1545 424 1602 divites
446 1564 511 1603 esse
535 1546 676 1617 volumus,
701 1546 752 1602 sed
775 1546 884 1617 liberis,

93 1642 273 1719 propinquis,
295 1642 405 1714 amicis,
424 1641 605 1717 maximeque
624 1641 808 1716 reipublice:
829 1642 886 1700 sin·

91 1738 228 1816 gulorum
249 1737 327 1797 enim
347 1738 509 1809 facultates,
523 1747 553 1799 et
573 1738 675 1813 copiae,
691 1737 798 1796 divitie
818 1750 885 1796 sunt
901 1747 931 1794 15

93 1832 230 1893 civitatis.
272 1833 352 1892 Huic
372 1834 512 1892 scevolae
531 1834 638 1892 {lactum
661 1833 711 1913 (de
725 1853 783 1910 quo
798 1836 885 1912 paulo

94 1942 161 1989 aute
183 1930 257 2010 dixi)
279 1931 395 2007 placere
414 1930 495 1989 nullo
515 1931 602 1989 modo
623 1941 727 2007 potest.
763 1931 884 1990 Etenim

93 2029 215 2087 omuino
243 2037 353 2085 tantum
377 2047 409 2085 se
435 2040 522 2105 negat
548 2027 693 2086 facturum
720 2029 885 2105 compendii

93 2126 138 2183 sui
165 2124 266 2194 causti,
294 2125 371 2199 quod
398 2144 456 2183 non
483 2124 578 2182 liceat.
635 2125 715 2182 Huic
741 2145 797 2182 nec
823 2126 886 2182 laus

94 2241 201 2298 inagna
227 2221 388 2293 tribuenda,
416 2240 471 2279 nec
498 2221 591 2298 gratia
617 2231 669 2278 est.
729 2220 797 2292 Sed,
826 2221 885 2278 sive
899 2227 931 2277 20

93 2318 241 2377 simulatio
265 2328 295 2374 et
317 2317 507 2375 dissimulatio
530 2317 615 2374 dolus
638 2317 731 2374 malus
750 2326 802 2388 est,
823 2336 887 2393 per·

93 2434 195 2490 paucae
217 2433 263 2471 res
283 2423 359 2485 sunt,
374 2414 404 2471 in
424 2415 528 2490 quibus
548 2414 632 2471 dolus
652 2413 706 2472 iste
719 2414 812 2471 malus
826 2433 885 2472 non

93 2520 242 2568 versetur:
275 2510 335 2567 sive
362 2511 403 2568 vir
431 2512 524 2569 bouus
558 2520 602 2568 est
628 2510 653 2568 is
679 2510 728 2586 qui
761 2510 885 2587 prodest,

92 2608 200 2683 quibus
219 2618 323 2684 potest,
345 2618 431 2666 uocet
450 2607 571 2681 nemini,
587 2594 668 2665 certe
686 2607 773 2685 istum
794 2607 886 2666 airum

94 2704 206 2760 bonurn
221 2721 280 2760 non
295 2702 381 2760 facile
395 2703 579 2779 reperiemus.
621 2702 778 2778 Nunquam
799 2703 886 2782 igitur
900 2713 932 2762 ᾗ

75 2811 137 2885 Δεἐῑ
165 2799 236 2856 utile
258 2817 392 2874 peccare,
417 2796 485 2874 quia
507 2818 620 2876 semper
647 2809 691 2858 est
716 2810 817 2876 turpe:
847 2811 886 2872 et,

20 2888 21 2893 ἵ
93 2897 162 2971 quia
186 2914 300 2971 semper
322 2904 366 2953 est
390 2894 552 2969 honestum,
573 2896 665 2954 virum
687 2898 794 2956 bonum
814 2915 887 2965 esse,

75 2976 80 2981 ’
94 3010 210 3068 semper
223 3000 268 3049 est
281 2991 360 3049 utile.
