2200 3492
83 232 153 293 nl]
381 228 425 278 nn
446 230 594 279 oenone:
888 216 943 277 ΒΓ

86 400 149 456 quae
172 390 203 437 ut
224 390 402 438 concurrant
422 380 530 452 omnia,
545 379 672 456 optabile
686 389 748 450 eat3
770 378 815 437 ain
829 379 882 436 mi·

86 496 152 550 nus,
176 478 276 554 plures
302 494 409 550 cauae,
437 477 627 557 majoresque,
655 474 790 554 ponderis
816 477 882 554 plus

11 634 12 639 ,
87 572 264 633 habebunt'

127 767 197 827 XV.
217 767 368 830 Quoniam
384 778 479 826 autem
494 767 608 840 vivitur,
619 786 678 826 non
693 786 760 826 oum
773 767 883 845 perfec·

11 908 12 929 ἶ
87 865 126 923 tis
139 865 316 936 horninibus,
331 865 473 942 planeque
487 864 674 943 sapientibus,
689 865 740 922 sed
755 882 823 925 oum
837 864 882 937 iis,
896 889 913 938 5

88 962 119 1020 in
134 962 249 1037 quibua,
263 963 402 1038 preclare
417 963 521 1040 agitur,
536 962 560 1019 ai
574 972 641 1021 sont
661 962 817 1020 simulacra
830 962 884 1019 vir-

88 1059 175 1130 tutis;
196 1059 284 1117 etiam
307 1060 365 1117 hoo
387 1058 608 1137 intelligendum
630 1067 711 1135 puto,
736 1059 883 1116 neminem

87 1156 208 1216 omnino
222 1175 286 1213 esse
301 1155 516 1233 negligendum,
532 1155 635 1231 inquo
657 1156 755 1231 aliqua
776 1155 884 1233 signifi·

88 1253 167 1312 natio
181 1248 297 1310 virtutis
312 1262 465 1329 appareat:
487 1253 640 1311 colendum
655 1264 751 1311 autem
765 1270 829 1310 esse
844 1252 884 1310 ita
903 1291 905 1295 -

88 1369 232 1427 quemque
246 1349 380 1423 maxime,
396 1350 561 1427 utquisque
577 1351 701 1408 maxime
715 1350 760 1408 his
775 1349 884 1407 virtuti·
899 1348 929 1398 1⁰

89 1446 882 1522 buslenioribuseritornatus,modestii,temperantid,

11 1556 13 1631 ζ
88 1544 145 1602 hae
158 1543 223 1620 ipssa
238 1541 290 1621 (de
304 1542 361 1618 qud
379 1542 440 1620 jam
461 1543 553 1601 multa
572 1542 652 1601 diota
669 1544 749 1622 sont)
762 1542 882 1620 justitid.

11 1648 12 1711 j
88 1639 167 1698 Nam
179 1639 259 1698 sortia
271 1640 382 1698 animus
396 1649 426 1697 et
439 1659 572 1717 magnus,
583 1639 614 1697 in
625 1639 741 1698 homine
751 1658 808 1697 non
823 1656 885 1715 per·

89 1737 168 1796 seoto
178 1750 235 1795 neo
245 1736 385 1814 sapiente,
397 1736 552 1795 ferventior
563 1736 733 1813 plerumque
741 1746 802 1795 est:
827 1735 884 1794 ille

88 1833 209 1893 virtutes
222 1834 316 1891 vinnm
329 1835 438 1892 bonnm
452 1833 585 1893 videntur
598 1833 695 1911 potius
710 1833 861 1911 attingere.
900 1839 932 1889 15

129 1932 229 2007 Atq'ue
252 1932 315 1989 haeo
329 1931 359 1989 in
375 1930 510 1990 moribus.
552 1929 599 1988 De
621 1930 822 1988 benevolentia
837 1951 885 1988 au·

88 2039 158 2101 tem,
184 2048 272 2105 quam
299 2024 420 2104 quiaque
448 2028 553 2085 habeat
576 2046 647 2104 erga
672 2046 736 2100 nos,
760 2028 884 2103 primum

11 2128 12 2173 ἐ
90 2125 160 2184 illud
176 2135 221 2182 est
239 2125 271 2182 in
286 2124 393 2197 officio,
408 2134 440 2182 ut
460 2123 488 2182 ei
507 2124 663 2201 plurimum
684 2125 854 2195 tribuamus,
870 2142 886 2180 a

90 2241 147 2299 qno
154 2222 311 2299 plurimum
324 2220 470 2297 diligimur
481 2240 487 2280 :
503 2221 554 2279 sed
565 2220 804 2290 benevolentiam,
815 2239 884 2291 non,

11 2360 13 2375 f
91 2318 372 2377 adolescentulorum
394 2335 485 2390 more,
501 2317 603 2375 ardore
624 2316 750 2392 quodam
772 2316 885 2387 amoris,
900 2321 932 2371 20

11 2390 12 2411 l
91 2417 141 2473 sed
164 2415 322 2473 stabilitate
342 2411 439 2490 potius
463 2423 492 2470 et
515 2414 690 2486 constantii,
712 2413 885 2490 judicemus.

91 2512 144 2570 Sin
158 2521 245 2569 erunt
259 2512 371 2582 merita,
387 2520 419 2569 ut
438 2510 655 2589 nonxineunda
671 2511 722 2568 sed
736 2510 888 2568 reserenda

91 2623 128 2667 sit
148 2597 260 2688 gratia3
282 2607 373 2684 major
394 2607 525 2683 quaedam
545 2627 619 2665 oure
640 2607 805 2665 adhibenda
824 2618 886 2664 est:

92 2706 202 2764 nullum
217 2705 296 2762 enim
311 2704 438 2763 officium
456 2704 609 2763 referendi
623 2705 717 2783 gratid
731 2704 824 2782 magis
838 2724 887 2762 ne-

93 2802 249 2861 cessarium
264 2811 317 2859 est.
613 2808 614 2811 ’
901 2822 936 2870 25·

130 2898 222 2961 Quod
251 2899 275 2957 si
303 2917 349 2970 ea,
373 2917 437 2974 quae
460 2897 570 2957 utenda
598 2917 755 2975 aooepens,
780 2899 888 2974 majore

97 2996 229 3054 mensurd
251 2993 290 3073 (si
310 2995 399 3053 modo
418 2994 526 3076 possis)
538 2994 621 3072 jubet
640 2995 762 3054 reddere
782 2994 888 3052 Hesio·
