2200 3492
80 230 157 293 nn]
388 223 431 271 nn
451 224 598 272 osricus.
886 212 925 272 ιι
972 164 978 179 ⁸

83 374 114 433 in
128 375 245 451 priore:
267 375 298 432 in
312 393 348 433 eo
362 375 440 433 enim
454 385 498 432 est
518 373 600 446 illud,
614 373 690 450 quod
703 372 879 431 excellentes

83 472 211 545 animos,
226 485 256 531 et
276 473 404 530 humana
419 480 648 543 contemnentes,
664 469 741 528 lacit.
781 468 817 527 Id
831 488 880 526 aa·

81 576 143 625 tem
170 569 265 644 ipsum
288 567 415 626 cernitur
436 568 467 625 in
489 567 612 634 duobus,
628 566 652 625 si
676 578 705 624 et
724 566 816 624 solum
838 565 878 638 id,

82 666 165 739 quod
184 666 339 723 honestum
359 665 406 737 ait,
421 665 529 721 bonum
547 664 670 741 judices,
684 673 714 721 et
727 661 806 722 omni
820 663 880 722 ani·

11 834 25 859 ι
82 761 123 818 mi
148 752 370 836 perturbatione
395 761 467 818 liber
495 761 542 818 sis.
585 759 664 818 Nam
690 770 720 818 et
746 779 791 832 ea,
815 765 909 835 quae5

83 857 194 914 eximia
213 857 359 934 plerisque
373 867 403 914 et
422 857 562 933 praeclara
575 857 717 929 videntur,
728 874 817 932 parva
829 855 880 913 du·

81 971 164 1027 cere,
180 973 274 1029 eaque
288 954 400 1011 ratione
414 953 509 1010 stabili
524 953 662 1029 firmaque
683 963 879 1023 contemnere,

83 1049 170 1108 fortis
185 1051 276 1108 animi
289 1050 445 1127 magnique
459 1050 625 1108 ducendum
636 1061 698 1106 est:
720 1059 749 1106 et
762 1068 806 1120 ea,
817 1069 880 1125 quae

84 1147 222 1207 ridentur
236 1149 351 1220 acerba,
362 1146 439 1225 (quae
450 1147 540 1205 multa
550 1157 580 1205 ct
593 1147 672 1205 varia
685 1146 715 1204 in
730 1146 879 1205 hominum

84 1241 143 1305 sita
169 1244 343 1320 lortuntque
364 1245 526 1322 versantur)
547 1243 588 1301 ita
611 1243 695 1315 ferre,
710 1255 742 1300 ut
765 1243 837 1300 nihil
863 1248 927 1300 alt

81 1349 162 1398 statu
177 1352 289 1400 naturae
303 1341 446 1412 discedas,
457 1339 529 1398 nihil
546 1359 563 1397 a
576 1340 717 1417 dignitate
730 1339 878 1415 sapientis,

83 1437 201 1496 robusti
217 1437 305 1496 animi
319 1447 372 1509 est,
387 1449 555 1514 magnasque
570 1430 748 1493 conata‘ntiae.

122 1534 198 1609 Non
219 1545 263 1593 est
285 1544 380 1592 autem
399 1542 638 1604 cousentaneum,
652 1533 703 1608 qui
722 1543 801 1589 metu
822 1552 880 1590 non

85 1630 248 1709 lrangatur,
263 1649 330 1688 eum
344 1631 437 1709 frangi
452 1629 628 1707 cupiditate3
649 1647 715 1701 nec,
730 1628 779 1704 qui
793 1628 882 1686 invic-

84 1737 149 1786 tum
171 1747 204 1785 se
227 1727 363 1785 alaburc
385 1727 561 1804 praestiterit,
586 1725 664 1783 vinci
689 1725 880 1801 avoluptate.
897 1733 928 1784 15

78 1797 290 1917 Quamobrem
304 1833 334 1882 et
348 1825 411 1882 haec
421 1824 555 1896 videnda,
565 1833 594 1880 et
604 1823 735 1899 pecuuiae
745 1822 882 1899 fugienda

27 1976 29 1983 .
86 1921 241 1998 cupiditas.
264 1920 366 1979 <Nihil
393 1921 471 1978 enim
494 1930 539 1979 est
561 1930 620 1978 tam
644 1920 757 1997 angusti
781 1919 880 1990 animi,

86 2027 206 2093 tamque
218 2018 309 2094 parvi,
324 2034 410 2092 quam
432 2036 527 2074 amare
541 2016 671 2088 divitias,
693 2016 765 2074 nihil
779 2016 882 2073 hones·

86 2114 157 2186 tius,
172 2114 474 2192 magnificentiusque,
487 2133 572 2189 quam
586 2114 740 2190 pecuniam
754 2123 882 2171 contem·

88 2228 169 2282 nere,
184 2211 209 2268 si
222 2230 282 2269 non
293 2211 423 2287 ,habeas3
446 2211 470 2267 si
484 2211 601 2299 habeas,
613 2210 648 2266 ad
660 2207 881 2267 beneficentiam
894 2217 926 2267 2⁰

87 2306 349 2382 liberalitatemque
377 2307 518 2364 conserte.
538 2302 698 2367 (Cavenda
724 2315 768 2362 est
793 2304 880 2361 etiam

88 2402 190 2480 gloriae
217 2402 372 2479 cupiditas,
400 2419 432 2460 m
459 2421 545 2479 supra
572 2402 640 2460 dixi.
683 2400 777 2476 Eripit
803 2399 880 2457 enim

89 2498 262 2571 libertatem,
273 2519 326 2576 pro
337 2500 393 2575 qual
407 2499 599 2577 magnanimis
609 2498 678 2555 viris
691 2497 785 2555 omnis
795 2496 881 2552 debet

90 2615 152 2655 esse
167 2596 327 2654 cententio.
368 2596 436 2654 Nec
447 2615 513 2653 vero
524 2595 645 2671 imperia
655 2593 825 2669 expetendam
836 2611 880 2664 ac,

90 2693 194 2768 potius,
215 2702 267 2750 aut
287 2711 346 2749 non
368 2692 538 2769 accipienda
558 2691 712 2763 interdum,
728 2699 782 2747 aut·
796 2690 882 2765 depo-
895 2697 927 2747 25

91 2787 188 2845 nenda
198 2806 416 2863 nonnunquam.

129 2883 305 2942 Vacandum
314 2894 410 2941 autem
418 2896 461 2942 est
469 2883 548 2942 omni
558 2883 646 2941 animi
655 2881 881 2958 perturbatione,

92 2991 153 3039 tum
167 2981 326 3057 cupiditate
340 2990 370 3038 et
381 2991 472 3050 metu,
486 2990 548 3039 tum
559 2980 646 3038 etiam
661 2978 842 3057 egritudine,
853 2985 882 3034 et

307 3076 355 3135 ,μ
