2200 3492
184 214 241 277 116
517 224 562 272 ne
583 223 730 273 oeneus.
938 221 1020 284 [nu

225 384 302 432 stant
325 373 464 451 epistolae,
488 385 518 434 et
539 373 667 451 Philippi
695 372 731 431 ad
755 371 965 443 Alexandrum,
990 380 1022 429 et

140 458 145 464 ¹
230 470 373 547 Antipatri
388 471 423 528 ad
438 469 645 542 Cassandrum,
659 479 688 527 et
702 467 846 547 Antigoni
860 468 897 525 ad
910 468 1022 545 Philip·

226 584 294 644 pum
314 568 415 639 filium,
435 566 521 626 trium
541 567 841 643 prudentissimorum,
861 564 918 642 (sic
939 562 1020 622 euim

227 664 406 744 accepimus)
418 664 522 740 quibus
535 663 718 741 praecipiunt,
729 672 761 721 ut
774 662 904 720 oratione
918 660 1021 739 bonig-

196 761 264 819 ana
291 760 485 819 multitudinis
508 761 619 819 animos
643 761 679 818 ad
703 759 933 819 benevolentiam
956 757 1020 817 alli·

226 858 316 930 ciaut,
339 856 502 933 militesque
529 856 635 919 blande
663 856 833 934 appellando
859 854 1019 914 deleniant

224 953 302 1016 Quae
330 964 425 1012 autem
453 954 482 1012 in
509 954 695 1013 multitudine
726 972 794 1013 cum
828 951 1020 1010 contentione

228 1050 347 1108 liabetur
381 1050 483 1122 oratio,
517 1069 553 1109 ca
586 1068 662 1126 sepe
699 1049 862 1108 universam
899 1048 1019 1107 excitat.

228 1145 338 1224 Magna
349 1157 394 1205 est
407 1147 484 1207 euim
506 1146 659 1205 admiratio
677 1146 796 1222 copiose
815 1145 1021 1222 sapienterque

182 1252 213 1303 111
227 1243 368 1317 dicentis3
389 1262 474 1319 quem
488 1243 538 1318 qui
550 1238 691 1316 andiunt,
706 1241 868 1320 intelligere
887 1242 977 1301 etiam
991 1252 1022 1301 et

227 1358 326 1415 sapere
346 1339 513 1416 plusquam
534 1349 665 1407 caeteros,
681 1338 863 1398 arbitrantur.
904 1328 1022 1398 sivero

227 1436 303 1493 inest
323 1435 354 1494 in
373 1436 502 1495 orations
530 1436 621 1493 mixta
645 1435 794 1507 modestiae
820 1435 957 1513 gravitas,
977 1428 1021 1497 nil

227 1533 424 1592 admirabilius
449 1533 511 1592 fieri
538 1541 650 1610 potest3
683 1550 776 1608 eoque
802 1531 904 1609 magis,
932 1532 958 1590 si
985 1550 1022 1590 ea

227 1639 294 1688 suut
308 1630 338 1688 iu
353 1629 546 1689 adolescente
623 1670 627 1675 -

182 1738 213 1786 lb
268 1726 336 1798 Sed,
359 1745 426 1793 cum
450 1726 507 1783 siut
529 1725 613 1803 plura
636 1745 789 1786 causarum
813 1745 930 1803 genera,
955 1744 1021 1802 quaa

226 1820 421 1897 eloquentiam
448 1822 624 1895 desiderant,
646 1823 785 1899 multique
805 1822 957 1897 innostrd
976 1841 1023 1882 re·
1055 1858 1058 1863 -

226 1917 344 1992 publici
369 1917 578 1991 adolescentes,
602 1930 631 1978 et
655 1917 731 1997 apud
751 1919 865 1997 judices
888 1930 918 1977 et
943 1919 1022 1997 apud

226 2022 359 2071 senatum
373 2014 509 2087 dicendo,
524 2015 641 2075 laudem
660 2016 785 2076 assecuti
799 2016 872 2087 siut;
893 2016 1023 2075 maxima

228 2110 380 2168 admiratio
401 2120 444 2169 est
467 2111 498 2170 in
519 2112 655 2190 judiciis:
674 2132 795 2189 quorum
816 2113 891 2171 ratio
912 2113 1024 2189 duplex

179 2215 212 2265 llo
227 2216 287 2265 est:
309 2226 375 2265 uam
390 2227 427 2265 ex
440 2210 627 2268 accusatione
647 2219 676 2267 et
696 2209 866 2268 defensione
886 2219 1020 2281 constat;

227 2324 348 2382 quarum
382 2306 436 2363 etsi
470 2306 641 2363 laudabilior
674 2316 718 2364 est
751 2306 892 2378 defensio,
921 2316 1022 2366 tamen

226 2403 314 2460 etiam
329 2403 477 2461 accusatio
490 2404 611 2479 probata
624 2421 753 2481 persaepe
766 2415 818 2462 est.
851 2403 921 2461 Dixi
930 2404 1022 2480 paulo

228 2510 294 2555 ante
314 2499 352 2555 da
372 2497 488 2556 Crasso.
528 2497 611 2557 Idem
633 2499 702 2557 lecit
717 2501 886 2558 adolescens
899 2497 943 2558 M.
958 2500 1023 2558 An·

227 2594 341 2652 tonius:
362 2595 450 2653 etiam
464 2595 496 2653 P.
511 2594 634 2670 Sulpicii
653 2594 848 2671 eloquentiam
870 2596 1023 2655 accusatio

180 2695 212 2745 25
227 2689 389 2762 illustravit,
404 2710 472 2749 cum
486 2691 655 2749 seditiosum
668 2702 698 2754 et
712 2693 843 2751 inutilem
864 2693 970 2765 civem,
985 2694 1021 2751 C.

226 2785 410 2859 Norbanum,
424 2788 455 2844 in
472 2788 616 2863 judicium
636 2789 757 2848 vocavit
800 2789 858 2846 Sed
879 2789 939 2847 hoc
959 2790 1024 2865 qui·

227 2885 294 2940 darn
308 2892 425 2941 nonest
444 2901 520 2959 sepe
542 2884 718 2958 faciendum,
733 2903 789 2943 nec
810 2904 949 2961 uuquam,
963 2885 1023 2945 nisi

229 2988 280 3039 aut
298 2978 465 3056 reipublice
486 2981 586 3053 causi,
600 2991 632 3041 ut
652 2981 684 3054 ii,
698 2966 770 3058 quos
790 2993 857 3042 ante
870 2982 949 3055 dixi3
972 2992 1023 3041 aut
