2200 3492
90 269 152 330 nt]
367 267 408 314 nu
429 266 576 315 osricus.

123 414 178 469 Sed
193 413 342 491 injustitiae
356 433 463 493 genera
477 417 535 473 duo
548 425 635 486 sunt3
657 434 747 473 unum
762 434 873 487 eorum,

84 510 131 584 qui
150 509 298 582 inserunt;
322 512 441 570 alterum
461 531 574 585 eorum,
588 513 647 590 qui,
664 513 699 570 ab
720 512 874 587 iisquibus

86 606 212 679 infertur,
220 600 375 684 sipnssint,
383 628 442 667 non
450 610 619 686 propulsant
630 609 772 686 injuriam.
796 608 872 666 Nam

84 704 129 777 qui
150 705 257 780 injuste
280 704 418 781 impeturn
440 707 469 764 in
490 706 655 782 quempiam
674 705 753 777 facit,
769 717 817 763 aut
830 706 873 763 ira

84 812 128 857 aut
143 802 240 877 aliqud
254 804 471 877 perturbatione
482 803 630 875 incitatus,
642 804 666 860 is
676 803 757 879 quasi
772 822 874 861 manns
887 819 904 867 5

83 898 181 954 afferre
203 898 317 956 videtur
338 900 435 958 socio:
463 900 512 975 qni
537 910 633 957 autem
654 919 714 957 non
734 899 873 971 defendit,

18 1056 22 1067 ‚
81 1013 133 1052 nec
154 996 281 1068 obsistit,
297 996 321 1053 si
341 1007 446 1072 potest,
462 997 584 1073 injuriae,
599 1008 658 1055 tarn
677 1006 721 1054 est
742 996 772 1054 in
792 997 872 1067 vitio,

81 1111 164 1166 quarn
179 1092 205 1150 si
217 1086 364 1169 parentes,
377 1103 425 1150 aut
437 1093 570 1168 patriam,
582 1103 631 1165 aut
642 1094 738 1151 socios
752 1093 872 1151 deserat.

80 1189 177 1266 Atque
199 1189 257 1249 illae
277 1190 393 1265 quidem
416 1188 536 1267 injuriae,
552 1210 616 1266 quae
636 1191 763 1248 nocendi
785 1190 873 1248 causat

79 1285 112 1342 de
138 1286 286 1344 industrii
310 1287 481 1360 inferuntur,
506 1307 582 1364 saepe
604 1307 620 1345 a
644 1298 723 1346 metu
746 1287 873 1363 proficis·
888 1293 918 1342 10

79 1393 202 1453 cuntur3
226 1402 292 1441 curn
307 1383 341 1456 is,
356 1383 404 1463 qui
420 1388 538 1442 nocere*
549 1385 631 1441 alteri
646 1383 765 1461 cogitat,
780 1383 872 1455 timet,

78 1499 125 1550 ne,
143 1479 202 1537 nisi
225 1479 254 1536 id
276 1466 385 1552 fecerii,
401 1479 462 1555 ipse
484 1480 580 1555 aliquo
604 1480 743 1537 afficiatur
765 1479 874 1536 incom-

78 1576 176 1633 mode.
220 1575 378 1635 Maximam
396 1587 491 1634 autern
509 1586 621 1652 partem
636 1575 671 1633 ad
686 1575 820 1651 injuriam
835 1575 875 1631 fa·

78 1673 216 1729 ciendam
238 1672 453 1750 aggrediuntur,
472 1683 503 1730 ut
524 1672 721 1747 adipiscantur
742 1690 786 1743 ea,
810 1691 873 1746 quar

77 1769 328 1845 concupiverunt:
350 1769 380 1827 in
405 1789 462 1845 quo
476 1770 545 1826 vitio
564 1768 703 1827 latissime
716 1779 795 1845 patet
810 1788 873 1826 ava·
888 1778 919 1826 15

77 1866 154 1924 titia.

117 2056 203 2118 VIII.
226 2058 408 2135 Expetuntur
429 2070 523 2117 autem
546 2059 654 2117 divitiae
672 2079 738 2116 cum
754 2059 788 2116 ad
804 2079 872 2118 usus

79 2157 143 2214 vitae
157 2155 350 2228 necessarios,
366 2165 426 2213 turn
446 2156 481 2213 ad
501 2156 689 2232 perfruendas
703 2156 870 2232 voluptates.

79 2252 113 2310 In
127 2253 237 2329 quibus
252 2264 346 2311 autern
361 2252 452 2330 major
464 2263 507 2310 est
519 2253 641 2325 animus,
651 2253 681 2310 in
692 2253 727 2310 iis
740 2254 871 2328 pecuniae

80 2351 226 2427 cupiditas
246 2360 357 2426 spectat
372 2350 408 2408 ad
424 2368 504 2425 epea,
519 2359 548 2407 et
570 2351 604 2406 ad
626 2349 808 2426 gratificandi
833 2349 872 2406 fa·
886 2352 918 2402 20

78 2447 236 2517 cultatem3
262 2457 293 2504 ut
314 2466 405 2524 nuper
423 2445 465 2503 M.
484 2446 605 2504 Crassus
628 2447 762 2523 negabat,
784 2446 871 2503 ullam

77 2544 145 2601 satis
169 2562 305 2619 magnam
325 2542 480 2619 pecuniam
495 2562 558 2600 esse
572 2542 600 2599 ei
615 2542 708 2617 quiin
723 2543 871 2618 republica

76 2640 216 2715 princeps
238 2637 324 2695 vellet
351 2657 424 2711 esse,
447 2628 529 2714 cujus
551 2637 692 2719 fructibus
712 2638 871 2694 exercitum

77 2737 152 2795 clere
168 2756 229 2794 non
242 2746 348 2811 posset.
390 2735 546 2792 Delectant
560 2735 647 2792 etiarn
663 2735 809 2813 magnifici
825 2753 871 2809 ap-

75 2844 205 2909 paratus,
221 2833 343 2907 vitaeque
365 2832 460 2889 cultus
481 2826 547 2888 cum
565 2831 709 2908 elegantid
723 2840 752 2887 et
766 2831 870 2905 cupid:
886 2812 932 2889 25'

76 2930 182 3004 quibus
203 2930 292 2986 rebus
312 2928 447 2986 effectum
472 2938 525 2999 est,
550 2937 583 2986 ut
604 2927 717 2984 infinita
739 2927 871 3002 pecunia

77 3026 223 3103 cupiditas
242 3035 328 3083 esset.
369 3023 436 3082 Nec
450 3043 518 3082 vero
538 3023 582 3081 rei
602 3022 751 3081 familiaris
773 3021 871 3096 ampli·
