2200 3492
75 237 100 285 a
110 233 139 293 r]
366 228 411 276 ns
429 228 576 276 ormcus.
861 210 901 272 ³9

72 390 202 438 tamense
214 389 318 456 potest,
333 379 410 454 quod
422 379 534 456 jusitia
548 388 639 437 vacet
679 376 853 436 Praeclarum

72 477 152 554 igitur
184 477 315 536 Platonis
349 476 436 534 illud:
472 475 570 534 “Non
597 476 719 546 solum‚'’
748 474 852 550 inquit,

71 584 87 610 ‘⁶
98 573 227 646 scientia,
249 593 314 649 quae
336 583 380 631 est
401 582 512 631 remota
533 592 550 631 a
570 572 692 649 justius,
711 571 855 629 calliditas

69 670 157 744 potius
183 688 270 745 quam
295 668 444 745 sapientia·
465 679 509 726 est
536 668 723 744 appellanda3
754 686 853 725 verum

68 766 147 823 etiarn
170 767 285 824 animus
301 775 420 843 paratus
434 765 469 823 ad
482 765 654 842 periculum,
669 765 694 822 si
708 765 761 822 sui
774 766 884 841 cupi-5

67 863 159 935 ditate,
172 874 235 921 'non
249 864 374 921 utilitate
385 862 532 921 communi
543 862 708 938 impellitur,
725 862 853 920 audaciae

66 960 155 1034 potius
168 978 277 1016 nornen
292 959 406 1032 habeat,
417 977 503 1035 quarn
517 957 723 1016 fortitudinis.”
752 957 865 1034 ltaquer

66 1057 135 1114 viros
149 1058 248 1130 fortes,
263 1057 473 1134 magnanimos,
487 1057 606 1115 cosdem
626 1056 719 1113 bonos
738 1065 768 1113 et
787 1055 854 1113 sim-

64 1153 159 1228 plices,
175 1152 307 1212 veritatis
322 1153 441 1226 amicos,
455 1153 632 1228 minimeque
646 1152 774 1225 fallaceS,
789 1170 853 1210 esse

64 1248 209 1309 volumus:
232 1268 297 1326 quae
311 1259 377 1308 sunt
390 1269 426 1308 ex
439 1250 534 1308 media
548 1250 634 1308 laude
645 1249 773 1326 justitiae.
868 1255 899 1304 10

99 1347 157 1404 Sed
176 1347 253 1428 illud
274 1347 407 1405 odiosum
428 1356 482 1420 est,
496 1346 584 1423 quod,
601 1347 632 1405 in
652 1347 709 1404 hac
728 1347 853 1406 clatione

63 1454 90 1500 et
115 1443 320 1522 magnitudine
347 1443 445 1517 animi,
473 1444 612 1502 facillime
637 1443 799 1520 pertinacia
824 1456 854 1502 et

63 1539 149 1598 nimia
163 1541 310 1618 cupiditas
322 1539 501 1617 priucipatris
514 1539 684 1598 innascitur.
724 1538 765 1597 Ut
775 1538 854 1597 enim

64 1636 133 1711 apud
148 1637 304 1696 Platonem
316 1645 369 1709 est,
384 1654 500 1695 omnem
517 1632 655 1716 [morem]
672 1634 855 1692 Lacedaemo

64 1733 171 1792 riorum
193 1733 404 1792 inflammatum
431 1750 496 1790 esse
519 1730 678 1808 cupiditate
697 1731 834 1790 vincendi
845 1751 852 1802 ;
867 1742 900 1792 15

64 1831 112 1902 sic,
132 1841 166 1890 ut
186 1831 311 1908 quisque
331 1829 420 1889 animi
442 1829 643 1908 magnitudine
663 1829 787 1887 maxime
806 1848 854 1887 ex·
892 1866 896 1875 ·

65 1927 148 2001 cellit,
172 1930 217 1987 ita
239 1927 363 1987 maxime
389 1926 451 1985 vult
476 1927 613 2003 princeps
639 1927 780 1999 omnium,
808 1926 852 1984 vel

65 2026 155 2098 potius
166 2026 257 2097 solus,
268 2044 341 2083 esse.
382 2023 510 2082 Difficile
524 2034 621 2082 autern
635 2034 688 2096 est,
703 2043 770 2082 cum
783 2043 855 2101 pra·

67 2131 136 2178 stare
163 2122 302 2180 omnibns
325 2120 517 2197 concupieris,
542 2138 656 2179 servare
680 2121 853 2197 equitatem,

68 2235 125 2291 qua
139 2228 185 2276 est
201 2218 320 2295 justitia
333 2218 458 2276 maxime
471 2218 596 2294 propria.
637 2217 684 2275 Ex
697 2237 754 2294 quo
767 2218 809 2290 fit,
824 2228 855 2275 ut
869 2219 901 2268 ΞΟ

70 2332 155 2389 neque
169 2316 380 2392 disceptatione
394 2315 471 2372 vinci
488 2334 529 2387 sc,
543 2334 600 2373 nec
614 2315 674 2373 ullo
686 2314 806 2392 publico
820 2334 855 2373 ac

70 2408 194 2488 legitimo
213 2411 288 2489 jure,
300 2412 465 2488 patiantur:
486 2411 684 2488 exsistuntque
705 2412 735 2472 in
753 2413 857 2489 repub-

71 2504 123 2566 lica
144 2510 315 2586 plerumque
341 2509 491 2587 largitores
518 2518 547 2566 et
575 2509 700 2581 factiosi,
726 2520 759 2566 ut
786 2528 856 2586 opes

71 2622 150 2678 quam
173 2607 316 2664 maximas
337 2616 558 2683 consequantur,
581 2615 611 2664 et
631 2606 689 2664 sint
711 2607 739 2663 ri
759 2592 856 2682 potius

73 2703 239 2776 superiores,
253 2722 338 2780 quam
357 2704 468 2780 justitia
487 2722 581 2779 pares.
623 2703 692 2774 Sed,
709 2722 765 2778 quo
785 2702 858 2761 diffi·
871 2703 903 2752 ᾖ

74 2797 162 2872 cilius,
176 2801 235 2857 hoc
254 2801 436 2876 preclarius:
457 2800 570 2858 nullum
584 2811 628 2857 est
642 2801 719 2858 enim
733 2812 857 2877 ternpus,

75 2897 142 2968 quod
153 2896 265 2974 justitia
280 2916 384 2955 vacare
397 2898 508 2956 debeat.

110 2991 211 3052 Fortes
225 2993 312 3073 igitur
325 3003 355 3052 et
369 2996 547 3073 magnanimi
561 3005 629 3054 sunt
642 2994 777 3066 habendi,
788 3011 858 3064 non,
