<?xml version="1.0" encoding="UTF-8"?>
<!DOCTYPE html PUBLIC "-//W3C//DTD XHTML 1.0 Transitional//EN"
    "http://www.w3.org/TR/xhtml1/DTD/xhtml1-transitional.dtd">
<html xmlns="http://www.w3.org/1999/xhtml" xml:lang="en" lang="en">
 <head>
  <title>
</title>
<meta http-equiv="Content-Type" content="text/html;charset=utf-8" />
  <meta name='ocr-system' content='tesseract 3.04.00' />
  <meta name='ocr-capabilities' content='ocr_page ocr_carea ocr_par ocr_line ocrx_word'/>
</head>
<body>
  <div class='ocr_page' id='page_1' title='image "./mtciceronisdeof04cicegoog/mtciceronisdeof04cicegoog_0141.png"; bbox 0 0 2200 3492; ppageno 0'>
   <div class='ocr_carea' id='block_1_1' title="bbox 81 233 924 310">
    <p class='ocr_par' dir='ltr' id='par_1_1' title="bbox 81 233 924 310">
     <span class='ocr_line' id='line_1_1' title="bbox 81 233 924 310; baseline -0.005 -13"><span class='ocrx_word' id='word_1_1' title='bbox 81 247 166 310; x_wconf 63' lang='grc' dir='ltr'><strong>ιιι]</strong></span> <span class='ocrx_word' id='word_1_2' title='bbox 375 249 419 297; x_wconf 85' lang='lat' dir='ltr'><strong>nu</strong></span> <span class='ocrx_word' id='word_1_3' title='bbox 440 248 588 296; x_wconf 71' lang='lat' dir='ltr'><strong>oremus.</strong></span> <span class='ocrx_word' id='word_1_4' title='bbox 868 233 924 294; x_wconf 73' lang='lat' dir='ltr'><strong>lae</strong></span> 
     </span>
    </p>
   </div>
   <div class='ocr_carea' id='block_1_2' title="bbox 78 394 924 2991">
    <p class='ocr_par' dir='ltr' id='par_1_2' title="bbox 79 394 908 1054">
     <span class='ocr_line' id='line_1_2' title="bbox 80 394 877 476; baseline -0.003 -20"><span class='ocrx_word' id='word_1_5' title='bbox 80 416 145 469; x_wconf 85' lang='lat' dir='ltr'><strong>res;</strong></span> <span class='ocrx_word' id='word_1_6' title='bbox 167 397 246 473; x_wconf 90' lang='lat' dir='ltr'><strong>quod</strong></span> <span class='ocrx_word' id='word_1_7' title='bbox 265 397 383 474; x_wconf 90' lang='lat' dir='ltr'><strong>quidem</strong></span> <span class='ocrx_word' id='word_1_8' title='bbox 395 397 481 476; x_wconf 84' lang='lat' dir='ltr'><strong>vulgo</strong></span> <span class='ocrx_word' id='word_1_9' title='bbox 501 397 619 457; x_wconf 84' lang='lat' dir='ltr'><strong>solitum</strong></span> <span class='ocrx_word' id='word_1_10' title='bbox 639 394 702 454; x_wconf 87' lang='lat' dir='ltr'><strong>fieri</strong></span> <span class='ocrx_word' id='word_1_11' title='bbox 721 396 759 454; x_wconf 85' lang='lat' dir='ltr'><strong>ab</strong></span> <span class='ocrx_word' id='word_1_12' title='bbox 775 395 877 455; x_wconf 86' lang='lat' dir='ltr'><strong>ordine</strong></span> 
     </span>
     <span class='ocr_line' id='line_1_3' title="bbox 80 492 878 586; baseline 0 -33"><span class='ocrx_word' id='word_1_13' title='bbox 80 504 183 553; x_wconf 86' lang='lat' dir='ltr'><strong>nostro</strong></span> <span class='ocrx_word' id='word_1_14' title='bbox 198 494 229 552; x_wconf 92' lang='lat' dir='ltr'><strong>in</strong></span> <span class='ocrx_word' id='word_1_15' title='bbox 243 495 374 586; x_wconf 62' lang='lat' dir='ltr'><strong>oratione</strong></span> <span class='ocrx_word' id='word_1_16' title='bbox 388 494 486 553; x_wconf 79' lang='lat' dir='ltr'>Crassi</span> <span class='ocrx_word' id='word_1_17' title='bbox 507 495 649 569; x_wconf 83' lang='lat' dir='ltr'><strong>seriptum</strong></span> <span class='ocrx_word' id='word_1_18' title='bbox 667 492 785 570; x_wconf 86' lang='lat' dir='ltr'><strong>eopiose</strong></span> <span class='ocrx_word' id='word_1_19' title='bbox 800 493 878 553; x_wconf 85' lang='lat' dir='ltr'><strong>vide·</strong></span> 
     </span>
     <span class='ocr_line' id='line_1_4' title="bbox 80 588 877 670; baseline -0.001 -20"><span class='ocrx_word' id='word_1_20' title='bbox 80 610 154 650; x_wconf 88' lang='lat' dir='ltr'><strong>mus.</strong></span> <span class='ocrx_word' id='word_1_21' title='bbox 207 588 296 649; x_wconf 87' lang='lat' dir='ltr'><strong>Hane</strong></span> <span class='ocrx_word' id='word_1_22' title='bbox 322 611 393 670; x_wconf 87' lang='lat' dir='ltr'><strong>ergo</strong></span> <span class='ocrx_word' id='word_1_23' title='bbox 420 591 661 649; x_wconf 84' lang='lat' dir='ltr'><strong>consuetudinem</strong></span> <span class='ocrx_word' id='word_1_24' title='bbox 689 589 877 668; x_wconf 80' lang='lat' dir='ltr'><strong>benignitatis</strong></span> 
     </span>
     <span class='ocr_line' id='line_1_5' title="bbox 80 686 877 766; baseline 0 -20"><span class='ocrx_word' id='word_1_25' title='bbox 80 687 230 765; x_wconf 81' lang='lat' dir='ltr'><strong>largitioni</strong></span> <span class='ocrx_word' id='word_1_26' title='bbox 251 707 402 747; x_wconf 88' lang='lat' dir='ltr'><strong>munerum</strong></span> <span class='ocrx_word' id='word_1_27' title='bbox 429 689 516 766; x_wconf 83' lang='lat' dir='ltr'><strong>longe</strong></span> <span class='ocrx_word' id='word_1_28' title='bbox 543 698 696 764; x_wconf 85' lang='lat' dir='ltr'><strong>antepono.</strong></span> <span class='ocrx_word' id='word_1_29' title='bbox 738 686 812 746; x_wconf 87' lang='lat' dir='ltr'><strong>Haee</strong></span> <span class='ocrx_word' id='word_1_30' title='bbox 832 697 877 746; x_wconf 89' lang='lat' dir='ltr'><strong>est</strong></span> 
     </span>
     <span class='ocr_line' id='line_1_6' title="bbox 80 784 908 862; baseline -0.005 -20"><span class='ocrx_word' id='word_1_31' title='bbox 80 785 216 862; x_wconf 83' lang='lat' dir='ltr'><strong>gravium</strong></span> <span class='ocrx_word' id='word_1_32' title='bbox 237 785 389 849; x_wconf 90' lang='lat' dir='ltr'><strong>hominum</strong></span> <span class='ocrx_word' id='word_1_33' title='bbox 412 796 498 861; x_wconf 84' lang='lat' dir='ltr'><strong>atque</strong></span> <span class='ocrx_word' id='word_1_34' title='bbox 518 800 704 861; x_wconf 67' lang='lat' dir='ltr'><strong>magnorum</strong></span> <span class='ocrx_word' id='word_1_35' title='bbox 726 784 776 843; x_wconf 82' lang='lat' dir='ltr'><strong>ills</strong></span> <span class='ocrx_word' id='word_1_36' title='bbox 795 784 908 861; x_wconf 78' lang='lat' dir='ltr'><strong>quasis</strong></span> 
     </span>
     <span class='ocr_line' id='line_1_7' title="bbox 81 880 876 961; baseline 0.003 -23"><span class='ocrx_word' id='word_1_37' title='bbox 81 891 295 939; x_wconf 73' lang='lat' dir='ltr'><strong>assentatorum</strong></span> <span class='ocrx_word' id='word_1_38' title='bbox 314 882 422 961; x_wconf 86' lang='lat' dir='ltr'><strong>populi,</strong></span> <span class='ocrx_word' id='word_1_39' title='bbox 443 881 637 939; x_wconf 82' lang='lat' dir='ltr'><strong>multitudinis</strong></span> <span class='ocrx_word' id='word_1_40' title='bbox 663 880 809 939; x_wconf 85' lang='lat' dir='ltr'><strong>levitatem</strong></span> <span class='ocrx_word' id='word_1_41' title='bbox 828 900 876 940; x_wconf 84' lang='lat' dir='ltr'><strong>ro·</strong></span> 
     </span>
     <span class='ocr_line' id='line_1_8' title="bbox 79 976 492 1054; baseline 0 -20"><span class='ocrx_word' id='word_1_42' title='bbox 79 976 193 1054; x_wconf 87' lang='lat' dir='ltr'><strong>luptate</strong></span> <span class='ocrx_word' id='word_1_43' title='bbox 208 978 290 1054; x_wconf 87' lang='lat' dir='ltr'><strong>quasi</strong></span> <span class='ocrx_word' id='word_1_44' title='bbox 303 978 492 1036; x_wconf 84' lang='lat' dir='ltr'><strong>titillantium.</strong></span> 
     </span>
    </p>

    <p class='ocr_par' dir='ltr' id='par_1_3' title="bbox 78 1074 924 2991">
     <span class='ocr_line' id='line_1_9' title="bbox 119 1074 876 1147; baseline 0.003 -16"><span class='ocrx_word' id='word_1_45' title='bbox 119 1074 287 1132; x_wconf 85' lang='lat' dir='ltr'><strong>Conveniet</strong></span> <span class='ocrx_word' id='word_1_46' title='bbox 307 1085 418 1147; x_wconf 81' lang='lat' dir='ltr'><strong>nutem,</strong></span> <span class='ocrx_word' id='word_1_47' title='bbox 441 1094 508 1132; x_wconf 85' lang='lat' dir='ltr'><strong>eum</strong></span> <span class='ocrx_word' id='word_1_48' title='bbox 531 1075 562 1133; x_wconf 91' lang='lat' dir='ltr'><strong>in</strong></span> <span class='ocrx_word' id='word_1_49' title='bbox 586 1075 683 1133; x_wconf 85' lang='lat' dir='ltr'><strong>dando</strong></span> <span class='ocrx_word' id='word_1_50' title='bbox 706 1075 876 1133; x_wconf 81' lang='lat' dir='ltr'><strong>munificum</strong></span> 
     </span>
     <span class='ocr_line' id='line_1_10' title="bbox 79 1170 876 1249; baseline 0.001 -20"><span class='ocrx_word' id='word_1_51' title='bbox 79 1189 155 1242; x_wconf 73' lang='lat' dir='ltr'><strong>eme,</strong></span> <span class='ocrx_word' id='word_1_52' title='bbox 167 1182 229 1229; x_wconf 89' lang='lat' dir='ltr'><strong>tum</strong></span> <span class='ocrx_word' id='word_1_53' title='bbox 245 1170 275 1229; x_wconf 92' lang='lat' dir='ltr'><strong>in</strong></span> <span class='ocrx_word' id='word_1_54' title='bbox 289 1171 433 1249; x_wconf 71' lang='lat' dir='ltr'><strong>exigendo</strong></span> <span class='ocrx_word' id='word_1_55' title='bbox 446 1190 506 1229; x_wconf 90' lang='lat' dir='ltr'><strong>non</strong></span> <span class='ocrx_word' id='word_1_56' title='bbox 521 1172 674 1229; x_wconf 86' lang='lat' dir='ltr'><strong>aeerbum:</strong></span> <span class='ocrx_word' id='word_1_57' title='bbox 696 1172 726 1231; x_wconf 92' lang='lat' dir='ltr'><strong>in</strong></span> <span class='ocrx_word' id='word_1_58' title='bbox 740 1172 876 1248; x_wconf 87' lang='lat' dir='ltr'><strong>omnique</strong></span> 
     </span>
     <span class='ocr_line' id='line_1_11' title="bbox 79 1268 924 1341; baseline 0.002 -15"><span class='ocrx_word' id='word_1_59' title='bbox 79 1287 111 1326; x_wconf 88' lang='lat' dir='ltr'><strong>re</strong></span> <span class='ocrx_word' id='word_1_60' title='bbox 126 1268 338 1340; x_wconf 72' lang='lat' dir='ltr'><strong>contrahendi,</strong></span> <span class='ocrx_word' id='word_1_61' title='bbox 349 1268 511 1340; x_wconf 84' lang='lat' dir='ltr'><strong>vendendo,</strong></span> <span class='ocrx_word' id='word_1_62' title='bbox 523 1269 657 1340; x_wconf 89' lang='lat' dir='ltr'><strong>emendo,</strong></span> <span class='ocrx_word' id='word_1_63' title='bbox 672 1269 875 1341; x_wconf 80' lang='lat' dir='ltr'><strong>conducendo,</strong></span> <span class='ocrx_word' id='word_1_64' title='bbox 893 1278 924 1329; x_wconf 85' lang='grc'><strong>10</strong></span> 
     </span>
     <span class='ocr_line' id='line_1_12' title="bbox 78 1363 877 1440; baseline 0.001 -19"><span class='ocrx_word' id='word_1_65' title='bbox 78 1363 216 1436; x_wconf 78' lang='lat' dir='ltr'><strong>locando,</strong></span> <span class='ocrx_word' id='word_1_66' title='bbox 228 1365 426 1423; x_wconf 79' lang='lat' dir='ltr'><strong>vicinitatibus</strong></span> <span class='ocrx_word' id='word_1_67' title='bbox 439 1375 468 1422; x_wconf 91' lang='lat' dir='ltr'><strong>et</strong></span> <span class='ocrx_word' id='word_1_68' title='bbox 482 1365 626 1437; x_wconf 83' lang='lat' dir='ltr'><strong>confiniis,</strong></span> <span class='ocrx_word' id='word_1_69' title='bbox 637 1384 750 1440; x_wconf 78' lang='lat' dir='ltr'><strong>equum</strong></span> <span class='ocrx_word' id='word_1_70' title='bbox 764 1374 793 1423; x_wconf 89' lang='lat' dir='ltr'><strong>et</strong></span> <span class='ocrx_word' id='word_1_71' title='bbox 807 1365 877 1424; x_wconf 81' lang='lat' dir='ltr'><strong>saei·</strong></span> 
     </span>
     <span class='ocr_line' id='line_1_13' title="bbox 79 1460 876 1538; baseline -0.001 -19"><span class='ocrx_word' id='word_1_72' title='bbox 79 1461 154 1533; x_wconf 85' lang='lat' dir='ltr'><strong>lem3</strong></span> <span class='ocrx_word' id='word_1_73' title='bbox 177 1461 270 1519; x_wconf 86' lang='lat' dir='ltr'><strong>multa</strong></span> <span class='ocrx_word' id='word_1_74' title='bbox 283 1460 381 1519; x_wconf 87' lang='lat' dir='ltr'><strong>multis</strong></span> <span class='ocrx_word' id='word_1_75' title='bbox 401 1462 438 1519; x_wconf 90' lang='lat' dir='ltr'><strong>de</strong></span> <span class='ocrx_word' id='word_1_76' title='bbox 454 1461 519 1538; x_wconf 85' lang='lat' dir='ltr'><strong>jure</strong></span> <span class='ocrx_word' id='word_1_77' title='bbox 533 1480 587 1520; x_wconf 87' lang='lat' dir='ltr'><strong>suo</strong></span> <span class='ocrx_word' id='word_1_78' title='bbox 601 1461 768 1532; x_wconf 81' lang='lat' dir='ltr'><strong>cedentem3</strong></span> <span class='ocrx_word' id='word_1_79' title='bbox 792 1460 876 1518; x_wconf 88' lang='lat' dir='ltr'><strong>aliti·</strong></span> 
     </span>
     <span class='ocr_line' id='line_1_14' title="bbox 79 1556 876 1633; baseline 0 -19"><span class='ocrx_word' id='word_1_80' title='bbox 79 1559 135 1615; x_wconf 91' lang='lat' dir='ltr'><strong>hus</strong></span> <span class='ocrx_word' id='word_1_81' title='bbox 155 1577 237 1629; x_wconf 87' lang='lat' dir='ltr'><strong>vero,</strong></span> <span class='ocrx_word' id='word_1_82' title='bbox 258 1569 397 1633; x_wconf 88' lang='lat' dir='ltr'><strong>quantum</strong></span> <span class='ocrx_word' id='word_1_83' title='bbox 425 1558 522 1630; x_wconf 76' lang='lat' dir='ltr'><strong>lineat,</strong></span> <span class='ocrx_word' id='word_1_84' title='bbox 543 1568 573 1615; x_wconf 90' lang='lat' dir='ltr'><strong>et</strong></span> <span class='ocrx_word' id='word_1_85' title='bbox 596 1557 698 1615; x_wconf 84' lang='lat' dir='ltr'><strong>neseio</strong></span> <span class='ocrx_word' id='word_1_86' title='bbox 725 1577 762 1615; x_wconf 90' lang='lat' dir='ltr'><strong>an</strong></span> <span class='ocrx_word' id='word_1_87' title='bbox 788 1556 876 1632; x_wconf 89' lang='lat' dir='ltr'><strong>paulo</strong></span> 
     </span>
     <span class='ocr_line' id='line_1_15' title="bbox 80 1651 875 1732; baseline -0.004 -19"><span class='ocrx_word' id='word_1_88' title='bbox 80 1655 145 1732; x_wconf 86' lang='lat' dir='ltr'><strong>plus</strong></span> <span class='ocrx_word' id='word_1_89' title='bbox 158 1653 250 1712; x_wconf 84' lang='lat' dir='ltr'><strong>etiam</strong></span> <span class='ocrx_word' id='word_1_90' title='bbox 264 1674 349 1731; x_wconf 86' lang='lat' dir='ltr'><strong>qnam</strong></span> <span class='ocrx_word' id='word_1_91' title='bbox 362 1653 460 1726; x_wconf 81' lang='lat' dir='ltr'><strong>liceat,</strong></span> <span class='ocrx_word' id='word_1_92' title='bbox 476 1654 688 1713; x_wconf 84' lang='lat' dir='ltr'><strong>abhorrentem.</strong></span> <span class='ocrx_word' id='word_1_93' title='bbox 730 1653 783 1713; x_wconf 85' lang='lat' dir='ltr'><strong>Est</strong></span> <span class='ocrx_word' id='word_1_94' title='bbox 795 1651 875 1711; x_wconf 89' lang='lat' dir='ltr'><strong>enim</strong></span> 
     </span>
     <span class='ocr_line' id='line_1_16' title="bbox 79 1750 923 1826; baseline 0.004 -16"><span class='ocrx_word' id='word_1_95' title='bbox 79 1770 140 1810; x_wconf 92' lang='lat' dir='ltr'><strong>non</strong></span> <span class='ocrx_word' id='word_1_96' title='bbox 162 1750 531 1826; x_wconf 67' lang='lat' dir='ltr'><strong>modo‘liberale,pau1um</strong></span> <span class='ocrx_word' id='word_1_97' title='bbox 551 1770 758 1825; x_wconf 87' lang='lat' dir='ltr'><strong>nonnunquam</strong></span> <span class='ocrx_word' id='word_1_98' title='bbox 772 1751 809 1808; x_wconf 91' lang='lat' dir='ltr'><strong>de</strong></span> <span class='ocrx_word' id='word_1_99' title='bbox 823 1769 876 1808; x_wconf 89' lang='lat' dir='ltr'><strong>suo</strong></span> <span class='ocrx_word' id='word_1_100' title='bbox 892 1763 923 1814; x_wconf 85' lang='lat'><strong>15</strong></span> 
     </span>
     <span class='ocr_line' id='line_1_17' title="bbox 78 1848 875 1926; baseline 0 -19"><span class='ocrx_word' id='word_1_101' title='bbox 78 1848 143 1926; x_wconf 85' lang='lat' dir='ltr'><strong>jure</strong></span> <span class='ocrx_word' id='word_1_102' title='bbox 163 1849 318 1920; x_wconf 80' lang='lat' dir='ltr'><strong>decedere,</strong></span> <span class='ocrx_word' id='word_1_103' title='bbox 340 1849 390 1907; x_wconf 89' lang='lat' dir='ltr'><strong>sed</strong></span> <span class='ocrx_word' id='word_1_104' title='bbox 412 1848 558 1907; x_wconf 87' lang='lat' dir='ltr'><strong>interdurn</strong></span> <span class='ocrx_word' id='word_1_105' title='bbox 577 1848 665 1909; x_wconf 86' lang='lat' dir='ltr'><strong>etiam</strong></span> <span class='ocrx_word' id='word_1_106' title='bbox 686 1848 875 1907; x_wconf 80' lang='lat' dir='ltr'><strong>fructuosum.</strong></span> 
     </span>
     <span class='ocr_line' id='line_1_18' title="bbox 81 1944 876 2021; baseline 0 -17"><span class='ocrx_word' id='word_1_107' title='bbox 81 1945 229 2005; x_wconf 83' lang='lat' dir='ltr'><strong>Habenda</strong></span> <span class='ocrx_word' id='word_1_108' title='bbox 253 1954 348 2003; x_wconf 87' lang='lat' dir='ltr'><strong>autem</strong></span> <span class='ocrx_word' id='word_1_109' title='bbox 370 1955 415 2003; x_wconf 91' lang='lat' dir='ltr'><strong>est</strong></span> <span class='ocrx_word' id='word_1_110' title='bbox 441 1944 516 2003; x_wconf 80' lang='lat' dir='ltr'><strong>ratio</strong></span> <span class='ocrx_word' id='word_1_111' title='bbox 540 1945 583 2004; x_wconf 87' lang='lat' dir='ltr'><strong>rei</strong></span> <span class='ocrx_word' id='word_1_112' title='bbox 607 1945 764 2018; x_wconf 80' lang='lat' dir='ltr'><strong>familiaris,</strong></span> <span class='ocrx_word' id='word_1_113' title='bbox 790 1964 876 2021; x_wconf 84' lang='lat' dir='ltr'><strong>quam</strong></span> 
     </span>
     <span class='ocr_line' id='line_1_19' title="bbox 81 2041 877 2119; baseline -0.001 -18"><span class='ocrx_word' id='word_1_114' title='bbox 81 2042 199 2118; x_wconf 89' lang='lat' dir='ltr'><strong>quidem</strong></span> <span class='ocrx_word' id='word_1_115' title='bbox 214 2041 304 2099; x_wconf 87' lang='lat' dir='ltr'><strong>dilabi</strong></span> <span class='ocrx_word' id='word_1_116' title='bbox 318 2041 423 2115; x_wconf 85' lang='lat' dir='ltr'><strong>sinere,</strong></span> <span class='ocrx_word' id='word_1_117' title='bbox 438 2042 614 2119; x_wconf 83' lang='lat' dir='ltr'><strong>flagitiosum</strong></span> <span class='ocrx_word' id='word_1_118' title='bbox 632 2052 692 2113; x_wconf 87' lang='lat' dir='ltr'><strong>est;</strong></span> <span class='ocrx_word' id='word_1_119' title='bbox 713 2043 764 2100; x_wconf 89' lang='lat' dir='ltr'><strong>sed</strong></span> <span class='ocrx_word' id='word_1_120' title='bbox 779 2042 829 2114; x_wconf 82' lang='lat' dir='ltr'><strong>ite,</strong></span> <span class='ocrx_word' id='word_1_121' title='bbox 843 2053 877 2100; x_wconf 87' lang='lat' dir='ltr'><strong>ut</strong></span> 
     </span>
     <span class='ocr_line' id='line_1_20' title="bbox 81 2138 876 2215; baseline -0.001 -18"><span class='ocrx_word' id='word_1_122' title='bbox 81 2138 285 2198; x_wconf 74' lang='lat' dir='ltr'><strong>illiberalitatis</strong></span> <span class='ocrx_word' id='word_1_123' title='bbox 310 2139 491 2215; x_wconf 82' lang='lat' dir='ltr'><strong>avaritiaeque</strong></span> <span class='ocrx_word' id='word_1_124' title='bbox 514 2139 588 2197; x_wconf 85' lang='lat' dir='ltr'><strong>absit</strong></span> <span class='ocrx_word' id='word_1_125' title='bbox 610 2139 745 2215; x_wconf 85' lang='lat' dir='ltr'><strong>suspicio.</strong></span> <span class='ocrx_word' id='word_1_126' title='bbox 786 2139 876 2197; x_wconf 85' lang='lat' dir='ltr'><strong>Posse</strong></span> 
     </span>
     <span class='ocr_line' id='line_1_21' title="bbox 82 2233 922 2312; baseline 0.001 -18"><span class='ocrx_word' id='word_1_127' title='bbox 82 2236 160 2295; x_wconf 90' lang='lat' dir='ltr'><strong>enim</strong></span> <span class='ocrx_word' id='word_1_128' title='bbox 183 2235 359 2295; x_wconf 80' lang='lat' dir='ltr'><strong>liberalitate</strong></span> <span class='ocrx_word' id='word_1_129' title='bbox 382 2236 435 2307; x_wconf 89' lang='lat' dir='ltr'><strong>uti,</strong></span> <span class='ocrx_word' id='word_1_130' title='bbox 457 2255 516 2294; x_wconf 89' lang='lat' dir='ltr'><strong>non</strong></span> <span class='ocrx_word' id='word_1_131' title='bbox 540 2235 711 2312; x_wconf 84' lang='lat' dir='ltr'><strong>spoliantem</strong></span> <span class='ocrx_word' id='word_1_132' title='bbox 735 2254 767 2293; x_wconf 89' lang='lat' dir='ltr'><strong>se</strong></span> <span class='ocrx_word' id='word_1_133' title='bbox 790 2233 877 2311; x_wconf 83' lang='lat' dir='ltr'><strong>patri·</strong></span> <span class='ocrx_word' id='word_1_134' title='bbox 890 2245 922 2295; x_wconf 79' lang='lat'><strong>20</strong></span> 
     </span>
     <span class='ocr_line' id='line_1_22' title="bbox 81 2331 875 2409; baseline -0.003 -18"><span class='ocrx_word' id='word_1_135' title='bbox 81 2332 191 2404; x_wconf 90' lang='lat' dir='ltr'><strong>monio,</strong></span> <span class='ocrx_word' id='word_1_136' title='bbox 204 2332 343 2390; x_wconf 89' lang='lat' dir='ltr'><strong>nimirum</strong></span> <span class='ocrx_word' id='word_1_137' title='bbox 357 2332 382 2390; x_wconf 89' lang='lat' dir='ltr'><strong>is</strong></span> <span class='ocrx_word' id='word_1_138' title='bbox 396 2342 440 2393; x_wconf 90' lang='lat' dir='ltr'><strong>est</strong></span> <span class='ocrx_word' id='word_1_139' title='bbox 452 2332 585 2409; x_wconf 73' lang='lat' dir='ltr'><strong>pecunie</strong></span> <span class='ocrx_word' id='word_1_140' title='bbox 599 2332 710 2390; x_wconf 81' lang='lat' dir='ltr'><strong>fructus</strong></span> <span class='ocrx_word' id='word_1_141' title='bbox 724 2331 875 2389; x_wconf 83' lang='lat' dir='ltr'><strong>maximus.</strong></span> 
     </span>
     <span class='ocr_line' id='line_1_23' title="bbox 82 2426 877 2505; baseline -0.005 -16"><span class='ocrx_word' id='word_1_142' title='bbox 82 2428 178 2490; x_wconf 71' lang='lat' dir='ltr'><strong>Recte</strong></span> <span class='ocrx_word' id='word_1_143' title='bbox 192 2429 281 2503; x_wconf 86' lang='lat' dir='ltr'><strong>etiam</strong></span> <span class='ocrx_word' id='word_1_144' title='bbox 296 2448 313 2486; x_wconf 88' lang='lat' dir='ltr'><strong>a</strong></span> <span class='ocrx_word' id='word_1_145' title='bbox 326 2428 530 2505; x_wconf 85' lang='lat' dir='ltr'><strong>Theophrasto</strong></span> <span class='ocrx_word' id='word_1_146' title='bbox 543 2439 588 2486; x_wconf 88' lang='lat' dir='ltr'><strong>est</strong></span> <span class='ocrx_word' id='word_1_147' title='bbox 600 2427 716 2486; x_wconf 87' lang='lat' dir='ltr'><strong>laudata</strong></span> <span class='ocrx_word' id='word_1_148' title='bbox 730 2426 877 2502; x_wconf 88' lang='lat' dir='ltr'><strong>hospitali·</strong></span> 
     </span>
     <span class='ocr_line' id='line_1_24' title="bbox 82 2524 875 2602; baseline -0.001 -18"><span class='ocrx_word' id='word_1_149' title='bbox 82 2535 132 2584; x_wconf 85' lang='lat' dir='ltr'><strong>tas.</strong></span> <span class='ocrx_word' id='word_1_150' title='bbox 175 2524 231 2584; x_wconf 87' lang='lat' dir='ltr'><strong>Est</strong></span> <span class='ocrx_word' id='word_1_151' title='bbox 257 2525 346 2598; x_wconf 88' lang='lat' dir='ltr'><strong>enim,</strong></span> <span class='ocrx_word' id='word_1_152' title='bbox 367 2536 399 2583; x_wconf 91' lang='lat' dir='ltr'><strong>ut</strong></span> <span class='ocrx_word' id='word_1_153' title='bbox 419 2526 490 2584; x_wconf 90' lang='lat' dir='ltr'><strong>mihi</strong></span> <span class='ocrx_word' id='word_1_154' title='bbox 514 2525 630 2602; x_wconf 90' lang='lat' dir='ltr'><strong>quidem</strong></span> <span class='ocrx_word' id='word_1_155' title='bbox 650 2525 772 2596; x_wconf 88' lang='lat' dir='ltr'><strong>videtur,</strong></span> <span class='ocrx_word' id='word_1_156' title='bbox 793 2525 875 2583; x_wconf 90' lang='lat' dir='ltr'><strong>valde</strong></span> 
     </span>
     <span class='ocr_line' id='line_1_25' title="bbox 83 2621 876 2698; baseline -0.001 -17"><span class='ocrx_word' id='word_1_157' title='bbox 83 2622 232 2694; x_wconf 80' lang='lat' dir='ltr'><strong>decorum,</strong></span> <span class='ocrx_word' id='word_1_158' title='bbox 243 2632 344 2698; x_wconf 89' lang='lat' dir='ltr'><strong>patere</strong></span> <span class='ocrx_word' id='word_1_159' title='bbox 353 2622 454 2681; x_wconf 86' lang='lat' dir='ltr'><strong>domos</strong></span> <span class='ocrx_word' id='word_1_160' title='bbox 468 2623 617 2683; x_wconf 89' lang='lat' dir='ltr'><strong>hominum</strong></span> <span class='ocrx_word' id='word_1_161' title='bbox 631 2621 784 2681; x_wconf 88' lang='lat' dir='ltr'><strong>illustrium</strong></span> <span class='ocrx_word' id='word_1_162' title='bbox 798 2622 876 2681; x_wconf 89' lang='lat' dir='ltr'><strong>illus·</strong></span> 
     </span>
     <span class='ocr_line' id='line_1_26' title="bbox 84 2718 921 2796; baseline -0.004 -20"><span class='ocrx_word' id='word_1_163' title='bbox 84 2719 174 2778; x_wconf 89' lang='lat' dir='ltr'><strong>tribus</strong></span> <span class='ocrx_word' id='word_1_164' title='bbox 202 2718 381 2796; x_wconf 87' lang='lat' dir='ltr'><strong>hospitibus:</strong></span> <span class='ocrx_word' id='word_1_165' title='bbox 416 2720 503 2795; x_wconf 89' lang='lat' dir='ltr'><strong>idque</strong></span> <span class='ocrx_word' id='word_1_166' title='bbox 530 2720 618 2777; x_wconf 86' lang='lat' dir='ltr'><strong>etiam</strong></span> <span class='ocrx_word' id='word_1_167' title='bbox 641 2719 808 2796; x_wconf 79' lang='lat' dir='ltr'><strong>reipublice</strong></span> <span class='ocrx_word' id='word_1_168' title='bbox 832 2729 876 2778; x_wconf 90' lang='lat' dir='ltr'><strong>est</strong></span> <span class='ocrx_word' id='word_1_169' title='bbox 890 2725 921 2773; x_wconf 71' lang='lat'><strong>‘25</strong></span> 
     </span>
     <span class='ocr_line' id='line_1_27' title="bbox 85 2815 876 2889; baseline -0.001 -16"><span class='ocrx_word' id='word_1_170' title='bbox 85 2826 266 2889; x_wconf 84' lang='lat' dir='ltr'><strong>ornamento,</strong></span> <span class='ocrx_word' id='word_1_171' title='bbox 291 2815 424 2874; x_wconf 88' lang='lat' dir='ltr'><strong>homines</strong></span> <span class='ocrx_word' id='word_1_172' title='bbox 450 2827 586 2874; x_wconf 80' lang='lat' dir='ltr'><strong>externos</strong></span> <span class='ocrx_word' id='word_1_173' title='bbox 613 2818 670 2875; x_wconf 88' lang='lat' dir='ltr'><strong>hoe</strong></span> <span class='ocrx_word' id='word_1_174' title='bbox 696 2816 876 2875; x_wconf 82' lang='lat' dir='ltr'><strong>liberalitatis</strong></span> 
     </span>
     <span class='ocr_line' id='line_1_28' title="bbox 85 2899 876 2991; baseline -0.003 -21"><span class='ocrx_word' id='word_1_175' title='bbox 85 2932 189 2990; x_wconf 83' lang='lat' dir='ltr'><strong>genere</strong></span> <span class='ocrx_word' id='word_1_176' title='bbox 212 2913 243 2971; x_wconf 91' lang='lat' dir='ltr'><strong>in</strong></span> <span class='ocrx_word' id='word_1_177' title='bbox 267 2915 339 2971; x_wconf 92' lang='lat' dir='ltr'><strong>urbe</strong></span> <span class='ocrx_word' id='word_1_178' title='bbox 362 2913 461 2981; x_wconf 73' lang='lat' dir='ltr'><strong>nostrai</strong></span> <span class='ocrx_word' id='word_1_179' title='bbox 484 2933 544 2971; x_wconf 90' lang='lat' dir='ltr'><strong>non</strong></span> <span class='ocrx_word' id='word_1_180' title='bbox 566 2933 661 2991; x_wconf 88' lang='lat' dir='ltr'><strong>egere.</strong></span> <span class='ocrx_word' id='word_1_181' title='bbox 703 2899 757 2971; x_wconf 81' lang='lat' dir='ltr'><strong>Est</strong></span> <span class='ocrx_word' id='word_1_182' title='bbox 780 2922 876 2970; x_wconf 86' lang='lat' dir='ltr'><strong>autem</strong></span> 
     </span>
    </p>
   </div>
   <div class='ocr_carea' id='block_1_3' title="bbox 19 3009 877 3165">
    <p class='ocr_par' dir='ltr' id='par_1_4' title="bbox 19 3009 877 3165">
     <span class='ocr_line' id='line_1_29' title="bbox 19 3009 877 3109; baseline -0.001 -41"><span class='ocrx_word' id='word_1_183' title='bbox 19 3076 21 3109; x_wconf 23' lang='lat' dir='ltr'>R</span> <span class='ocrx_word' id='word_1_184' title='bbox 86 3010 170 3070; x_wconf 82' lang='lat' dir='ltr'><strong>etiam</strong></span> <span class='ocrx_word' id='word_1_185' title='bbox 198 3011 384 3071; x_wconf 88' lang='lat' dir='ltr'><strong>vehementer</strong></span> <span class='ocrx_word' id='word_1_186' title='bbox 412 3009 482 3071; x_wconf 86' lang='lat' dir='ltr'><strong>utile</strong></span> <span class='ocrx_word' id='word_1_187' title='bbox 509 3011 545 3070; x_wconf 93' lang='lat' dir='ltr'><strong>iis</strong></span> <span class='ocrx_word' id='word_1_188' title='bbox 571 3011 621 3087; x_wconf 92' lang='lat' dir='ltr'><strong>qui</strong></span> <span class='ocrx_word' id='word_1_189' title='bbox 648 3009 768 3066; x_wconf 87' lang='lat' dir='ltr'><strong>honeste</strong></span> <span class='ocrx_word' id='word_1_190' title='bbox 791 3023 877 3085; x_wconf 82' lang='lat' dir='ltr'><strong>posse</strong></span> 
     </span>
     <span class='ocr_line' id='line_1_30' title="bbox 323 3104 387 3165; baseline 0 0"><span class='ocrx_word' id='word_1_191' title='bbox 323 3107 359 3165; x_wconf 94' lang='lat' dir='ltr'><strong>ll</strong></span> <span class='ocrx_word' id='word_1_192' title='bbox 369 3104 387 3141; x_wconf 73' lang='lat'><strong>‘</strong></span> 
     </span>
    </p>
   </div>
   <div class='ocr_carea' id='block_1_4' title="bbox 1001 3098 1005 3127">
    <p class='ocr_par' dir='ltr' id='par_1_5' title="bbox 1001 3098 1005 3127">
     <span class='ocr_line' id='line_1_31' title="bbox 1001 3098 1005 3127; baseline 0 0"><span class='ocrx_word' id='word_1_193' title='bbox 1001 3098 1005 3127; x_wconf 89' lang='lat' dir='ltr'><strong>l</strong></span> 
     </span>
    </p>
   </div>
   <div class='ocr_carea' id='block_1_5' title="bbox 0 0 1108 3492">
    <p class='ocr_par' dir='ltr' id='par_1_6' title="bbox 0 0 1108 3492">
     <span class='ocr_line' id='line_1_32' title="bbox 0 0 1108 3492; baseline 0 0"><span class='ocrx_word' id='word_1_194' title='bbox 0 0 1108 3492; x_wconf 95' lang='lat' dir='ltr'><strong> </strong></span> 
     </span>
    </p>
   </div>
  </div>
 </body>
</html>
