2200 3492
75 181 171 241 carun
364 184 407 231 nu
429 183 576 231 oramus
858 173 915 231 lut

75 330 155 393 veuit
176 331 304 390 Canius:
326 333 442 409 opipare
457 333 603 409 aPythic
614 343 779 409 apparatum
801 351 871 390 con·

76 427 201 489 rivium:
224 431 391 505 cymbarum
414 440 480 487 ante
500 431 602 488 oculos
621 431 793 488 multitudo:
818 449 869 506 pro

76 543 108 580 se
128 525 260 599 quisque,
280 525 357 601 quod
379 537 504 605 ceperat,
520 527 673 584 afferebat:
696 536 762 584 ante
782 527 869 602 pedes

76 619 174 697 Pythii
187 622 285 697 pisces
299 622 508 698 abjiciebantur

115 717 197 775 Tum
224 718 345 790 Canius,
368 719 489 792 Quaeso,
511 719 613 795 inquit,
635 720 702 795 quid
730 729 775 777 est
801 720 900 790 hoo,5

76 813 183 890 Pythit
204 825 354 873 tantumne
367 817 502 892 piscium,
517 826 668 874 tantumne
682 817 869 892 cymbaruml

77 908 115 967 Et
143 910 202 982 ille,
222 911 305 973 Quid
332 912 457 970 mirum?
484 912 586 988 inquit.
627 912 696 969 Hoc
722 913 789 969 loco
815 923 868 984 est,

77 1007 232 1082 Syracusis
254 1007 394 1083 quidquid
415 1019 459 1066 est
477 1009 618 1085 piscium:
646 1010 709 1067 haec
737 1010 868 1085 aquatio:

77 1103 133 1161 hac
161 1104 228 1163 villu
256 1104 302 1167 isti
330 1124 430 1163 carere
457 1120 515 1163 uon
542 1116 671 1182 possunt.
699 1150 702 1157 t
726 1105 870 1163 Incensus

77 1199 189 1258 Canius
216 1200 383 1276 cupiditate,
405 1203 555 1260 contendit
576 1222 593 1260 a
612 1202 727 1278 Pythio,
748 1215 780 1261 ut
803 1208 915 1260 ven-10

78 1297 167 1357 deret.
209 1297 333 1359 Gravate
348 1298 395 1357 ille
409 1298 510 1374 prime.
550 1299 634 1360 Quid
652 1300 761 1356 multat
783 1299 870 1375 impe-

77 1403 148 1451 trat:
179 1394 254 1450 vemit
287 1394 374 1465 homo
408 1395 531 1470 cupidus
558 1405 588 1451 et
618 1395 757 1471 locuples,
785 1395 868 1465 tanti,

77 1490 177 1566 quanti
191 1489 313 1565 Pythius
327 1491 416 1548 voluit
424 1511 432 1561 ;
454 1501 484 1547 et
497 1491 568 1548 emit
582 1491 755 1548 instructos:
777 1490 869 1547 uomi-

76 1606 117 1647 na
142 1586 242 1661 lacitzb
263 1586 413 1664 negotium
440 1588 566 1645 conficit.
619 1586 727 1644 Invitat
760 1587 870 1645 Gauius

76 1683 215 1760 postridie
242 1682 397 1745 familiares
423 1703 500 1742 suos.
541 1684 632 1745 Venit
658 1684 721 1760 ipse
747 1694 867 1742 mature.
886 1687 916 1734 15

78 1780 227 1838 Scalmum
254 1781 365 1839 nullum
391 1782 478 1853 'ridet
531 1781 646 1846 Quaerit
672 1800 708 1840 ex
738 1782 874 1858 proximo-

76 1876 184 1949 riciuo,
206 1896 276 1934 num
297 1877 375 1936 feriae
399 1878 529 1953 quedam
555 1878 733 1954 piscatorum
761 1889 868 1950 esseut,

76 1974 153 2049 quod
174 1992 225 2031 eos
245 1974 339 2032 nullos
358 1975 478 2035 videret.
517 1974 727 2051 Nullae'·(quod
751 1976 886 2054 sciam),-

77 2071 170 2146 iuquit
190 2070 256 2128 ille:
278 2071 328 2128 sed
349 2071 398 2129 hle
418 2071 524 2147 piscari
544 2071 617 2129 nulli
637 2072 748 2129 solent:
773 2072 869 2147 itaque

14 2234 16 2239 .
77 2167 139 2226 heri
160 2168 297 2240 mirabar,
315 2168 384 2243 quid
406 2168 569 2231 accidisset.
611 2168 794 2226 Stomachari
815 2168 871 2227 Ca·
886 2178 918 2227 20

76 2264 151 2323 nius.
195 2265 253 2323 Sed
275 2265 343 2340 quid
365 2252 493 2324 lacerctl
520 2265 649 2323 nondum
670 2264 748 2321 euim
769 2264 871 2338 Aquil-

76 2361 143 2433 lius,
165 2362 279 2438 oollega
306 2372 335 2419 et
362 2361 510 2420 familiaris
536 2381 628 2433 meus,
648 2360 806 2438 protulerat
833 2360 869 2417 de

77 2459 145 2521 dolo
166 2459 243 2517 malo
264 2459 418 2517 formulas:
439 2462 469 2547 in
491 2459 596 2534 quibus
615 2446 686 2535 ipsis
704 2477 870 2516 cumeneo

77 2566 264 2631 quereretur,
284 2556 367 2618 Quid
387 2548 464 2614 esse‘t
483 2555 567 2615 dolus
588 2555 695 2624 malus3
717 2556 878 2631 responde--

77 2653 136 2725 bat,
159 2653 235 2711 Cum
256 2663 332 2710 esset
356 2652 434 2710 eliud
461 2650 636 2724 simulatum,
658 2651 735 2708 aliud
764 2661 869 2710 sctum.
886 2659 918 2708 25

77 2748 147 2809 Hoc
180 2750 297 2825 quidem
328 2768 397 2807 sane
430 2749 602 2822 luculenter,
629 2759 662 2806 ut
689 2749 725 2806 ab
752 2748 870 2807 homine

17 2912 22 2923 ,
75 2847 170 2924 perito
194 2846 361 2904 deliniendi.
413 2845 492 2923 Ergo
513 2857 542 2903 et
564 2845 693 2922 Pythius,
716 2855 746 2903 et
769 2863 871 2903 omues

14 2942 23 3013 ,¹
78 2944 156 3007 aliud
174 2953 303 3023 egentes,
319 2942 404 3003 eliud
418 2942 596 3016 simulantes,
608 2943 720 3020 perfidi,
735 2939 869 3018 improbi,

14 3022 16 3069 ⁵
317 3039 355 3097 15
