2200 3492
175 187 231 247 124
508 205 553 253 nn
576 205 722 252 omens.
928 202 1014 264 [nn.

220 351 298 426 quod
312 371 329 410 a
342 352 514 411 liberalitate
535 352 739 429 proficiscitur,
762 371 822 410 non
843 371 903 411 uuo
923 352 1014 411 modo

221 448 250 506 in
263 448 425 524 disparibus
439 451 534 508 causis
549 450 645 508 affecti
660 468 724 507 esse
738 449 886 508 debemus.

259 545 328 603 Alie
342 566 431 604 cuusu
444 558 488 604 est
501 547 564 623 ejus
579 547 628 622 qui
642 546 806 605 calamitate
820 546 969 622 premitur,
984 556 1014 604 et

220 641 283 717 ejus
306 642 355 717 qui
379 662 425 700 res
450 643 584 701 meliores
607 643 719 718 quaerit,
733 643 821 700 nullis
844 642 905 700 suis
926 643 1013 700 rebus

188 737 354 796 5sdrersis.
395 738 752 816 Propensiorbeuignitus
770 758 833 808 esse
850 738 968 796 debebit
983 739 1013 795 in

221 834 412 906 calamitosos,
436 835 492 893 nisi
517 836 591 894 forte
618 845 703 893 erunt
729 835 812 913 digni
837 834 1012 893 calamitate.

219 929 256 988 In
276 931 313 988 iis
334 941 430 989 tumen
452 933 555 1007 quise
577 932 704 1008 adjuvari
725 932 832 1001 volent,
854 949 914 988 non
929 942 1013 989 utne

222 1027 393 1104 affligantur,
408 1029 459 1085 sed
475 1038 508 1086 ut
527 1028 657 1087 altiorem
679 1028 801 1105 gradum
822 1027 1012 1099 adscendunt,

221 1124 346 1182 restricti
366 1126 485 1182 omnino
499 1144 564 1183 esse
577 1125 658 1183 nullo
673 1124 758 1182 modo
771 1124 928 1193 debemus3
951 1123 1013 1195 sed,

175 1230 206 1281 10
221 1219 252 1278 in
275 1220 437 1298 deligendis
465 1222 587 1294 idoneis,
610 1220 753 1298 judicium
777 1230 807 1278 et
828 1216 1024 1297 diligentiam*

221 1317 374 1388 adhibere;
395 1337 463 1377 uam
476 1319 613 1396 praeolare
628 1317 758 1376 Ennius:

305 1463 321 1490 “
330 1459 467 1509 Benefueta
477 1460 541 1509 mule
553 1462 642 1522 locutu,
653 1460 785 1508 malefacta
795 1444 925 1509 mbitror.'’

219 1606 312 1669 Quod
333 1616 428 1665 autem
447 1606 589 1665 tributum
608 1616 653 1663 est
668 1606 744 1664 bono
757 1606 819 1663 viro
832 1615 862 1662 et
875 1615 968 1682 grato,
983 1605 1015 1664 in

221 1721 257 1760 eo
271 1722 337 1760 cum
351 1722 388 1760 ex
402 1703 463 1779 ipso
477 1703 589 1760 fructus
602 1712 656 1775 est,
671 1713 732 1760 turn
746 1702 833 1760 etiam
847 1721 883 1759 ex
897 1703 1014 1760 ceteris.

176 1812 207 1861 15
221 1799 400 1857 Temeritate
420 1799 498 1858 enirn
518 1799 640 1871 remoti,
654 1797 817 1876 gratissima
832 1809 876 1856 est
890 1799 1017 1858 liberali·

221 1902 282 1954 tus:
317 1913 408 1970 eoque
435 1914 498 1953 eam
530 1897 688 1956 studiosius
719 1896 849 1971 plerique
882 1895 1014 1969 laudant,

221 1991 299 2067 quod
326 1990 430 2049 summi
457 1991 597 2069 cujusque
624 1993 738 2050 bonitas
765 2011 920 2050 commune
953 2013 1017 2070 per·

222 2087 333 2165 fugium
346 2098 390 2146 est
404 2089 541 2147 omnium.
584 2089 689 2149 Danda
708 2089 796 2165 igitur
810 2099 968 2165 operaest,
984 2101 1017 2148 ut

222 2184 267 2245 his
281 2185 430 2244 beneflciis
446 2204 530 2261 quum
549 2186 688 2261 plurimos
709 2186 877 2257 afficiamus,
892 2205 1016 2261 quorum

175 2293 207 2343 20
222 2281 361 2343 memoria
392 2281 492 2339 liberis
523 2280 703 2357 posterisque
735 2282 883 2357 prodatur,
913 2293 945 2340 ut
979 2283 1017 2341 iis

223 2379 342 2456 ingratis
356 2397 491 2436 essenon
505 2378 600 2436 liceat.
641 2378 753 2435 Omnes
767 2379 844 2435 enim
865 2378 1018 2437 immerno-

222 2494 283 2533 rem
304 2472 439 2533 beneficii
458 2476 598 2544 oderunt;
620 2493 742 2550 eamque
763 2474 897 2551 injuriam
914 2475 946 2533 in
968 2477 1017 2534 de·

221 2572 357 2629 terrendi
370 2571 611 2647 liberalitatesibi
626 2572 714 2629 etiam
728 2572 800 2643 fieri,
815 2591 950 2647 eumque,
965 2572 1016 2649 qni

223 2666 321 2737 saciat,
337 2686 520 2727 communem
535 2669 646 2726 hostem
660 2668 827 2726 tenuiorum
839 2678 952 2744 putant.

176 2770 208 2821 25
262 2762 360 2837 Atque
380 2762 443 2820 haec
464 2763 627 2840 benignitas
646 2765 733 2822 etiam
754 2764 922 2840 reipublicae
936 2765 1017 2824 utilis

223 2868 276 2934 est,
290 2858 393 2918 redimi
407 2877 424 2917 e
438 2859 575 2918 servitute
589 2871 699 2938 captos,
713 2861 884 2939 locupletari
902 2861 1017 2922 tennio-
