<?xml version="1.0" encoding="UTF-8"?>
<!DOCTYPE html PUBLIC "-//W3C//DTD XHTML 1.0 Transitional//EN"
    "http://www.w3.org/TR/xhtml1/DTD/xhtml1-transitional.dtd">
<html xmlns="http://www.w3.org/1999/xhtml" xml:lang="en" lang="en">
 <head>
  <title>
</title>
<meta http-equiv="Content-Type" content="text/html;charset=utf-8" />
  <meta name='ocr-system' content='tesseract 3.04.00' />
  <meta name='ocr-capabilities' content='ocr_page ocr_carea ocr_par ocr_line ocrx_word'/>
</head>
<body>
  <div class='ocr_page' id='page_1' title='image "./mtciceronisdeof04cicegoog/mtciceronisdeof04cicegoog_0130.png"; bbox 0 0 2200 3492; ppageno 0'>
   <div class='ocr_carea' id='block_1_1' title="bbox 191 214 1027 282">
    <p class='ocr_par' dir='ltr' id='par_1_1' title="bbox 191 214 1027 282">
     <span class='ocr_line' id='line_1_1' title="bbox 191 214 1027 282; baseline -0.007 -7"><span class='ocrx_word' id='word_1_1' title='bbox 191 214 246 275; x_wconf 79' lang='lat' dir='ltr'><strong>nr</strong></span> <span class='ocrx_word' id='word_1_2' title='bbox 510 223 575 271; x_wconf 51' lang='lat' dir='ltr'><strong>¹nr:</strong></span> <span class='ocrx_word' id='word_1_3' title='bbox 597 221 744 271; x_wconf 80' lang='lat' dir='ltr'><strong>ormena.</strong></span> <span class='ocrx_word' id='word_1_4' title='bbox 822 228 824 231; x_wconf 88' lang='lat'>·</span> <span class='ocrx_word' id='word_1_5' title='bbox 950 220 1027 282; x_wconf 56' lang='lat' dir='ltr'><strong>[nur</strong></span> 
     </span>
    </p>
   </div>
   <div class='ocr_carea' id='block_1_2' title="bbox 189 356 1070 3068">
    <p class='ocr_par' dir='ltr' id='par_1_2' title="bbox 189 356 1070 3068">
     <span class='ocr_line' id='line_1_2' title="bbox 235 356 1070 452; baseline -0.004 -20"><span class='ocrx_word' id='word_1_6' title='bbox 235 372 418 452; x_wconf 79' lang='lat' dir='ltr'>contigisse),</span> <span class='ocrx_word' id='word_1_7' title='bbox 441 384 490 432; x_wconf 86' lang='lat' dir='ltr'><strong>nut</strong></span> <span class='ocrx_word' id='word_1_8' title='bbox 511 374 607 450; x_wconf 88' lang='lat' dir='ltr'><strong>aliquo</strong></span> <span class='ocrx_word' id='word_1_9' title='bbox 629 393 700 432; x_wconf 87' lang='lat' dir='ltr'><strong>casu</strong></span> <span class='ocrx_word' id='word_1_10' title='bbox 725 382 810 449; x_wconf 86' lang='lat' dir='ltr'><strong>atque</strong></span> <span class='ocrx_word' id='word_1_11' title='bbox 835 371 972 442; x_wconf 48' lang='lat' dir='ltr'><strong>fortun&amp;</strong></span> <span class='ocrx_word' id='word_1_12' title='bbox 999 372 1028 429; x_wconf 87' lang='lat' dir='ltr'><strong>in</strong></span> <span class='ocrx_word' id='word_1_13' title='bbox 1069 356 1070 419; x_wconf 48' lang='grc' dir='ltr'><strong>ἦ</strong></span> 
     </span>
     <span class='ocr_line' id='line_1_3' title="bbox 235 446 1070 548; baseline -0.001 -21"><span class='ocrx_word' id='word_1_14' title='bbox 235 471 312 528; x_wconf 89' lang='lat' dir='ltr'><strong>huuc</strong></span> <span class='ocrx_word' id='word_1_15' title='bbox 327 471 404 528; x_wconf 90' lang='lat' dir='ltr'><strong>oculi</strong></span> <span class='ocrx_word' id='word_1_16' title='bbox 426 472 555 530; x_wconf 89' lang='lat' dir='ltr'><strong>omnium</strong></span> <span class='ocrx_word' id='word_1_17' title='bbox 571 471 783 548; x_wconf 89' lang='lat' dir='ltr'><strong>conjiciuntur;</strong></span> <span class='ocrx_word' id='word_1_18' title='bbox 806 481 892 546; x_wconf 83' lang='lat' dir='ltr'><strong>atque</strong></span> <span class='ocrx_word' id='word_1_19' title='bbox 906 469 938 526; x_wconf 91' lang='lat' dir='ltr'><strong>in</strong></span> <span class='ocrx_word' id='word_1_20' title='bbox 954 488 1027 541; x_wconf 89' lang='lat' dir='ltr'><strong>enm,</strong></span> <span class='ocrx_word' id='word_1_21' title='bbox 1069 446 1070 515; x_wconf 60' lang='lat' dir='ltr'><strong>i</strong></span> 
     </span>
     <span class='ocr_line' id='line_1_4' title="bbox 233 566 1026 644; baseline -0.003 -20"><span class='ocrx_word' id='word_1_22' title='bbox 233 568 302 643; x_wconf 92' lang='lat' dir='ltr'><strong>quid</strong></span> <span class='ocrx_word' id='word_1_23' title='bbox 325 578 400 644; x_wconf 85' lang='lat' dir='ltr'><strong>agat,</strong></span> <span class='ocrx_word' id='word_1_24' title='bbox 421 568 663 643; x_wconf 77' lang='lat' dir='ltr'><strong>quemadmodum</strong></span> <span class='ocrx_word' id='word_1_25' title='bbox 684 567 770 639; x_wconf 84' lang='lat' dir='ltr'><strong>vivat,</strong></span> <span class='ocrx_word' id='word_1_26' title='bbox 792 566 967 642; x_wconf 83' lang='lat' dir='ltr'><strong>inquiritur:</strong></span> <span class='ocrx_word' id='word_1_27' title='bbox 990 577 1026 638; x_wconf 88' lang='lat' dir='ltr'><strong>et,</strong></span> 
     </span>
     <span class='ocr_line' id='line_1_5' title="bbox 233 662 1026 740; baseline -0.001 -17"><span class='ocrx_word' id='word_1_28' title='bbox 233 675 370 740; x_wconf 76' lang='lat' dir='ltr'><strong>tanquam</strong></span> <span class='ocrx_word' id='word_1_29' title='bbox 391 666 421 723; x_wconf 90' lang='lat' dir='ltr'><strong>in</strong></span> <span class='ocrx_word' id='word_1_30' title='bbox 443 664 604 723; x_wconf 67' lang='lat' dir='ltr'><strong>clarissimi</strong></span> <span class='ocrx_word' id='word_1_31' title='bbox 623 665 690 723; x_wconf 89' lang='lat' dir='ltr'><strong>luce</strong></span> <span class='ocrx_word' id='word_1_32' title='bbox 704 675 842 737; x_wconf 81' lang='lat' dir='ltr'><strong>versetur,</strong></span> <span class='ocrx_word' id='word_1_33' title='bbox 857 664 901 722; x_wconf 84' lang='lat' dir='ltr'><strong>ita</strong></span> <span class='ocrx_word' id='word_1_34' title='bbox 919 662 1026 722; x_wconf 86' lang='lat' dir='ltr'><strong>nullum</strong></span> 
     </span>
     <span class='ocr_line' id='line_1_6' title="bbox 205 761 1027 839; baseline -0.001 -21"><span class='ocrx_word' id='word_1_35' title='bbox 205 764 390 821; x_wconf 72' lang='lat' dir='ltr'><strong>sobacurum</strong></span> <span class='ocrx_word' id='word_1_36' title='bbox 416 773 510 839; x_wconf 88' lang='lat' dir='ltr'><strong>potest</strong></span> <span class='ocrx_word' id='word_1_37' title='bbox 543 781 600 820; x_wconf 87' lang='lat' dir='ltr'><strong>nec</strong></span> <span class='ocrx_word' id='word_1_38' title='bbox 634 763 745 820; x_wconf 84' lang='lat' dir='ltr'><strong>dictum</strong></span> <span class='ocrx_word' id='word_1_39' title='bbox 779 761 842 839; x_wconf 89' lang='lat' dir='ltr'><strong>ejus</strong></span> <span class='ocrx_word' id='word_1_40' title='bbox 869 780 948 832; x_wconf 89' lang='lat' dir='ltr'><strong>esse,</strong></span> <span class='ocrx_word' id='word_1_41' title='bbox 975 779 1027 818; x_wconf 80' lang='lat' dir='ltr'><strong>nee</strong></span> 
     </span>
     <span class='ocr_line' id='line_1_7' title="bbox 234 860 1027 935; baseline -0.005 -17"><span class='ocrx_word' id='word_1_42' title='bbox 234 861 351 918; x_wconf 81' lang='lat' dir='ltr'><strong>sectum.</strong></span> <span class='ocrx_word' id='word_1_43' title='bbox 391 860 528 922; x_wconf 79' lang='lat' dir='ltr'><strong>Quorum</strong></span> <span class='ocrx_word' id='word_1_44' title='bbox 557 870 651 917; x_wconf 82' lang='lat' dir='ltr'><strong>autem</strong></span> <span class='ocrx_word' id='word_1_45' title='bbox 682 860 780 935; x_wconf 82' lang='lat' dir='ltr'><strong>prima-</strong></span> <span class='ocrx_word' id='word_1_46' title='bbox 804 867 884 930; x_wconf 72' lang='lat' dir='ltr'><strong>etas,</strong></span> <span class='ocrx_word' id='word_1_47' title='bbox 913 868 1027 935; x_wconf 87' lang='lat' dir='ltr'><strong>propter</strong></span> 
     </span>
     <span class='ocr_line' id='line_1_8' title="bbox 233 956 1029 1033; baseline -0.004 -18"><span class='ocrx_word' id='word_1_48' title='bbox 233 958 426 1015; x_wconf 87' lang='lat' dir='ltr'><strong>bumilitatem</strong></span> <span class='ocrx_word' id='word_1_49' title='bbox 446 965 476 1014; x_wconf 90' lang='lat' dir='ltr'><strong>et</strong></span> <span class='ocrx_word' id='word_1_50' title='bbox 495 957 710 1028; x_wconf 82' lang='lat' dir='ltr'><strong>obscuritatem,</strong></span> <span class='ocrx_word' id='word_1_51' title='bbox 726 956 756 1013; x_wconf 90' lang='lat' dir='ltr'><strong>in</strong></span> <span class='ocrx_word' id='word_1_52' title='bbox 777 956 932 1013; x_wconf 91' lang='lat' dir='ltr'><strong>hominum</strong></span> <span class='ocrx_word' id='word_1_53' title='bbox 954 956 1029 1033; x_wconf 83' lang='lat' dir='ltr'><strong>igno·</strong></span> 
     </span>
     <span class='ocr_line' id='line_1_9' title="bbox 235 1053 1028 1130; baseline -0.004 -18"><span class='ocrx_word' id='word_1_54' title='bbox 235 1055 346 1112; x_wconf 87' lang='lat' dir='ltr'><strong>ratione</strong></span> <span class='ocrx_word' id='word_1_55' title='bbox 372 1064 517 1124; x_wconf 56' lang='lat' dir='ltr'><strong>versatum</strong></span> <span class='ocrx_word' id='word_1_56' title='bbox 551 1054 592 1125; x_wconf 88' lang='lat' dir='ltr'><strong>hi,</strong></span> <span class='ocrx_word' id='word_1_57' title='bbox 621 1053 710 1111; x_wconf 87' lang='lat' dir='ltr'><strong>simul</strong></span> <span class='ocrx_word' id='word_1_58' title='bbox 743 1072 779 1111; x_wconf 86' lang='lat' dir='ltr'><strong>ao</strong></span> <span class='ocrx_word' id='word_1_59' title='bbox 809 1053 936 1130; x_wconf 77' lang='lat' dir='ltr'><strong>juvenes</strong></span> <span class='ocrx_word' id='word_1_60' title='bbox 969 1070 1028 1109; x_wconf 85' lang='lat' dir='ltr'><strong>esse</strong></span> 
     </span>
     <span class='ocr_line' id='line_1_10' title="bbox 235 1148 1029 1228; baseline -0.003 -20"><span class='ocrx_word' id='word_1_61' title='bbox 235 1162 511 1228; x_wconf 82' lang='lat' dir='ltr'><strong>coeperunt,magnn</strong></span> <span class='ocrx_word' id='word_1_62' title='bbox 525 1161 665 1227; x_wconf 73' lang='lat' dir='ltr'><strong>spectare,</strong></span> <span class='ocrx_word' id='word_1_63' title='bbox 681 1160 710 1208; x_wconf 91' lang='lat' dir='ltr'><strong>et</strong></span> <span class='ocrx_word' id='word_1_64' title='bbox 725 1150 760 1207; x_wconf 89' lang='lat' dir='ltr'><strong>ad</strong></span> <span class='ocrx_word' id='word_1_65' title='bbox 775 1169 811 1207; x_wconf 89' lang='lat' dir='ltr'><strong>ea</strong></span> <span class='ocrx_word' id='word_1_66' title='bbox 823 1151 916 1207; x_wconf 88' lang='lat' dir='ltr'><strong>rectis</strong></span> <span class='ocrx_word' id='word_1_67' title='bbox 930 1148 1029 1207; x_wconf 81' lang='lat' dir='ltr'><strong>studiis</strong></span> 
     </span>
     <span class='ocr_line' id='line_1_11' title="bbox 192 1223 1028 1323; baseline -0.002 -19"><span class='ocrx_word' id='word_1_68' title='bbox 192 1252 221 1305; x_wconf 86' lang='lat' dir='ltr'><strong>to</strong></span> <span class='ocrx_word' id='word_1_69' title='bbox 235 1247 342 1305; x_wconf 89' lang='lat' dir='ltr'><strong>debent</strong></span> <span class='ocrx_word' id='word_1_70' title='bbox 372 1248 567 1305; x_wconf 82' lang='lat' dir='ltr'><strong>contendere:</strong></span> <span class='ocrx_word' id='word_1_71' title='bbox 601 1248 679 1323; x_wconf 90' lang='lat' dir='ltr'><strong>quod</strong></span> <span class='ocrx_word' id='word_1_72' title='bbox 706 1266 742 1304; x_wconf 89' lang='lat' dir='ltr'><strong>eo</strong></span> <span class='ocrx_word' id='word_1_73' title='bbox 768 1223 898 1305; x_wconf 80' lang='lat' dir='ltr'><strong>firmiore</strong></span> <span class='ocrx_word' id='word_1_74' title='bbox 936 1247 1028 1306; x_wconf 85' lang='lat' dir='ltr'><strong>animo</strong></span> 
     </span>
     <span class='ocr_line' id='line_1_12' title="bbox 236 1334 1027 1420; baseline -0.005 -18"><span class='ocrx_word' id='word_1_75' title='bbox 236 1334 353 1417; x_wconf 83' lang='lat' dir='ltr'><strong>sacient,</strong></span> <span class='ocrx_word' id='word_1_76' title='bbox 367 1345 435 1420; x_wconf 87' lang='lat' dir='ltr'><strong>quia</strong></span> <span class='ocrx_word' id='word_1_77' title='bbox 455 1364 513 1403; x_wconf 92' lang='lat' dir='ltr'><strong>non</strong></span> <span class='ocrx_word' id='word_1_78' title='bbox 533 1342 621 1403; x_wconf 88' lang='lat' dir='ltr'><strong>modo</strong></span> <span class='ocrx_word' id='word_1_79' title='bbox 641 1363 700 1402; x_wconf 91' lang='lat' dir='ltr'><strong>uon</strong></span> <span class='ocrx_word' id='word_1_80' title='bbox 721 1344 864 1403; x_wconf 86' lang='lat' dir='ltr'><strong>invidetur</strong></span> <span class='ocrx_word' id='word_1_81' title='bbox 883 1344 930 1402; x_wconf 89' lang='lat' dir='ltr'><strong>illi</strong></span> <span class='ocrx_word' id='word_1_82' title='bbox 945 1341 1027 1414; x_wconf 81' lang='lat' dir='ltr'><strong>aetati,</strong></span> 
     </span>
     <span class='ocr_line' id='line_1_13' title="bbox 235 1442 569 1501; baseline -0.003 -1"><span class='ocrx_word' id='word_1_83' title='bbox 235 1442 434 1501; x_wconf 75' lang='lat' dir='ltr'><strong>verumetiam</strong></span> <span class='ocrx_word' id='word_1_84' title='bbox 450 1442 569 1499; x_wconf 85' lang='lat' dir='ltr'><strong>favetur.</strong></span> 
     </span>
     <span class='ocr_line' id='line_1_14' title="bbox 237 1535 1029 1617; baseline -0.006 -20"><span class='ocrx_word' id='word_1_85' title='bbox 237 1582 242 1589; x_wconf 72' lang='grc'><strong>.</strong></span> <span class='ocrx_word' id='word_1_86' title='bbox 275 1540 373 1597; x_wconf 84' lang='lat' dir='ltr'><strong>Prima</strong></span> <span class='ocrx_word' id='word_1_87' title='bbox 392 1540 542 1617; x_wconf 79' lang='lat' dir='ltr'><strong>igiturest</strong></span> <span class='ocrx_word' id='word_1_88' title='bbox 564 1538 741 1597; x_wconf 88' lang='lat' dir='ltr'><strong>adolescenti</strong></span> <span class='ocrx_word' id='word_1_89' title='bbox 762 1538 983 1596; x_wconf 83' lang='lat' dir='ltr'><strong>commendatio</strong></span> <span class='ocrx_word' id='word_1_90' title='bbox 997 1535 1029 1593; x_wconf 91' lang='lat' dir='ltr'><strong>ad</strong></span> 
     </span>
     <span class='ocr_line' id='line_1_15' title="bbox 234 1632 1027 1715; baseline -0.003 -21"><span class='ocrx_word' id='word_1_91' title='bbox 234 1637 365 1715; x_wconf 80' lang='lat' dir='ltr'><strong>gloriam,</strong></span> <span class='ocrx_word' id='word_1_92' title='bbox 393 1638 418 1695; x_wconf 88' lang='lat' dir='ltr'><strong>si</strong></span> <span class='ocrx_word' id='word_1_93' title='bbox 445 1657 503 1712; x_wconf 86' lang='lat' dir='ltr'><strong>qua</strong></span> <span class='ocrx_word' id='word_1_94' title='bbox 535 1657 571 1695; x_wconf 84' lang='lat' dir='ltr'><strong>ex</strong></span> <span class='ocrx_word' id='word_1_95' title='bbox 600 1636 713 1693; x_wconf 79' lang='lat' dir='ltr'><strong>bellicis</strong></span> <span class='ocrx_word' id='word_1_96' title='bbox 745 1637 832 1695; x_wconf 88' lang='lat' dir='ltr'><strong>rebus</strong></span> <span class='ocrx_word' id='word_1_97' title='bbox 866 1632 1027 1712; x_wconf 85' lang='lat' dir='ltr'><strong>comparari</strong></span> 
     </span>
     <span class='ocr_line' id='line_1_16' title="bbox 192 1732 1029 1809; baseline -0.005 -19"><span class='ocrx_word' id='word_1_98' title='bbox 192 1753 221 1800; x_wconf 85' lang='lat'><strong>15</strong></span> <span class='ocrx_word' id='word_1_99' title='bbox 234 1743 345 1809; x_wconf 90' lang='lat' dir='ltr'><strong>potest;</strong></span> <span class='ocrx_word' id='word_1_100' title='bbox 381 1734 410 1790; x_wconf 92' lang='lat' dir='ltr'><strong>in</strong></span> <span class='ocrx_word' id='word_1_101' title='bbox 444 1733 501 1808; x_wconf 73' lang='lat' dir='ltr'><strong>qud</strong></span> <span class='ocrx_word' id='word_1_102' title='bbox 534 1733 617 1790; x_wconf 90' lang='lat' dir='ltr'><strong>multi</strong></span> <span class='ocrx_word' id='word_1_103' title='bbox 652 1732 727 1808; x_wconf 85' lang='lat' dir='ltr'><strong>apud</strong></span> <span class='ocrx_word' id='word_1_104' title='bbox 761 1733 884 1809; x_wconf 86' lang='lat' dir='ltr'><strong>majores</strong></span> <span class='ocrx_word' id='word_1_105' title='bbox 918 1742 1029 1790; x_wconf 83' lang='lat' dir='ltr'><strong>nostros</strong></span> 
     </span>
     <span class='ocr_line' id='line_1_17' title="bbox 235 1828 1026 1906; baseline -0.003 -21"><span class='ocrx_word' id='word_1_106' title='bbox 235 1830 422 1886; x_wconf 82' lang='lat' dir='ltr'><strong>exstiterunt:</strong></span> <span class='ocrx_word' id='word_1_107' title='bbox 444 1848 556 1904; x_wconf 77' lang='lat' dir='ltr'><strong>semper</strong></span> <span class='ocrx_word' id='word_1_108' title='bbox 576 1831 653 1887; x_wconf 89' lang='lat' dir='ltr'><strong>enim</strong></span> <span class='ocrx_word' id='word_1_109' title='bbox 675 1829 735 1887; x_wconf 86' lang='lat' dir='ltr'><strong>fere</strong></span> <span class='ocrx_word' id='word_1_110' title='bbox 748 1830 825 1887; x_wconf 89' lang='lat' dir='ltr'><strong>bella</strong></span> <span class='ocrx_word' id='word_1_111' title='bbox 844 1828 1026 1906; x_wconf 77' lang='lat' dir='ltr'><strong>gerebantur.</strong></span> 
     </span>
     <span class='ocr_line' id='line_1_18' title="bbox 235 1923 1028 2001; baseline -0.003 -20"><span class='ocrx_word' id='word_1_112' title='bbox 235 1923 304 1981; x_wconf 81' lang='lat' dir='ltr'><strong>Tua</strong></span> <span class='ocrx_word' id='word_1_113' title='bbox 330 1934 425 1983; x_wconf 86' lang='lat' dir='ltr'><strong>autern</strong></span> <span class='ocrx_word' id='word_1_114' title='bbox 454 1935 522 1982; x_wconf 85' lang='lat' dir='ltr'><strong>aetas</strong></span> <span class='ocrx_word' id='word_1_115' title='bbox 554 1926 658 1983; x_wconf 86' lang='lat' dir='ltr'><strong>incidit</strong></span> <span class='ocrx_word' id='word_1_116' title='bbox 685 1926 715 1983; x_wconf 89' lang='lat' dir='ltr'><strong>in</strong></span> <span class='ocrx_word' id='word_1_117' title='bbox 743 1925 772 1983; x_wconf 91' lang='lat' dir='ltr'><strong>id</strong></span> <span class='ocrx_word' id='word_1_118' title='bbox 800 1926 920 1998; x_wconf 91' lang='lat' dir='ltr'><strong>bellum,</strong></span> <span class='ocrx_word' id='word_1_119' title='bbox 949 1926 1028 2001; x_wconf 82' lang='lat' dir='ltr'><strong>cujus</strong></span> 
     </span>
     <span class='ocr_line' id='line_1_19' title="bbox 236 2019 1028 2097; baseline 0 -20"><span class='ocrx_word' id='word_1_120' title='bbox 236 2020 326 2078; x_wconf 88' lang='lat' dir='ltr'><strong>altera</strong></span> <span class='ocrx_word' id='word_1_121' title='bbox 343 2038 410 2097; x_wconf 85' lang='lat' dir='ltr'><strong>para</strong></span> <span class='ocrx_word' id='word_1_122' title='bbox 430 2021 549 2080; x_wconf 83' lang='lat' dir='ltr'><strong>sceleris</strong></span> <span class='ocrx_word' id='word_1_123' title='bbox 569 2022 690 2082; x_wconf 88' lang='lat' dir='ltr'><strong>nimium</strong></span> <span class='ocrx_word' id='word_1_124' title='bbox 708 2022 817 2094; x_wconf 87' lang='lat' dir='ltr'><strong>habuit,</strong></span> <span class='ocrx_word' id='word_1_125' title='bbox 834 2023 926 2080; x_wconf 76' lang='lat' dir='ltr'><strong>altera</strong></span> <span class='ocrx_word' id='word_1_126' title='bbox 941 2019 1028 2079; x_wconf 83' lang='lat' dir='ltr'><strong>felici·</strong></span> 
     </span>
     <span class='ocr_line' id='line_1_20' title="bbox 234 2108 1028 2195; baseline -0.004 -19"><span class='ocrx_word' id='word_1_127' title='bbox 234 2108 302 2176; x_wconf 78' lang='lat' dir='ltr'><strong>tatis</strong></span> <span class='ocrx_word' id='word_1_128' title='bbox 316 2136 425 2195; x_wconf 87' lang='lat' dir='ltr'><strong>pamm.</strong></span> <span class='ocrx_word' id='word_1_129' title='bbox 465 2117 536 2180; x_wconf 83' lang='lat' dir='ltr'><strong>Quo</strong></span> <span class='ocrx_word' id='word_1_130' title='bbox 557 2126 653 2177; x_wconf 88' lang='lat' dir='ltr'><strong>tamen</strong></span> <span class='ocrx_word' id='word_1_131' title='bbox 673 2120 701 2176; x_wconf 86' lang='lat' dir='ltr'><strong>in</strong></span> <span class='ocrx_word' id='word_1_132' title='bbox 717 2119 802 2191; x_wconf 86' lang='lat' dir='ltr'><strong>bello,</strong></span> <span class='ocrx_word' id='word_1_133' title='bbox 817 2138 884 2176; x_wconf 89' lang='lat' dir='ltr'><strong>cum</strong></span> <span class='ocrx_word' id='word_1_134' title='bbox 898 2129 931 2177; x_wconf 87' lang='lat' dir='ltr'><strong>te</strong></span> <span class='ocrx_word' id='word_1_135' title='bbox 948 2119 1028 2176; x_wconf 89' lang='lat' dir='ltr'><strong>Pom·</strong></span> 
     </span>
     <span class='ocr_line' id='line_1_21' title="bbox 189 2215 1026 2292; baseline -0.004 -19"><span class='ocrx_word' id='word_1_136' title='bbox 189 2232 221 2282; x_wconf 66' lang='grc' dir='ltr'>ω</span> <span class='ocrx_word' id='word_1_137' title='bbox 235 2215 319 2292; x_wconf 84' lang='lat' dir='ltr'><strong>peius</strong></span> <span class='ocrx_word' id='word_1_138' title='bbox 343 2216 394 2274; x_wconf 85' lang='lat' dir='ltr'><strong>alae</strong></span> <span class='ocrx_word' id='word_1_139' title='bbox 423 2216 504 2274; x_wconf 82' lang='lat' dir='ltr'><strong>elteri</strong></span> <span class='ocrx_word' id='word_1_140' title='bbox 530 2217 718 2292; x_wconf 76' lang='lat' dir='ltr'><strong>prefecisset,</strong></span> <span class='ocrx_word' id='word_1_141' title='bbox 739 2235 873 2292; x_wconf 86' lang='lat' dir='ltr'><strong>magnam</strong></span> <span class='ocrx_word' id='word_1_142' title='bbox 901 2216 1026 2282; x_wconf 87' lang='lat' dir='ltr'><strong>laudem,</strong></span> 
     </span>
     <span class='ocr_line' id='line_1_22' title="bbox 234 2313 1027 2389; baseline -0.006 -18"><span class='ocrx_word' id='word_1_143' title='bbox 234 2323 264 2371; x_wconf 86' lang='lat' dir='ltr'><strong>et</strong></span> <span class='ocrx_word' id='word_1_144' title='bbox 276 2333 301 2371; x_wconf 81' lang='lat' dir='ltr'><strong>u</strong></span> <span class='ocrx_word' id='word_1_145' title='bbox 320 2332 431 2372; x_wconf 84' lang='lat' dir='ltr'><strong>summo</strong></span> <span class='ocrx_word' id='word_1_146' title='bbox 451 2314 513 2371; x_wconf 87' lang='lat' dir='ltr'><strong>viro</strong></span> <span class='ocrx_word' id='word_1_147' title='bbox 533 2324 563 2370; x_wconf 87' lang='lat' dir='ltr'><strong>et</strong></span> <span class='ocrx_word' id='word_1_148' title='bbox 584 2314 619 2371; x_wconf 92' lang='lat' dir='ltr'><strong>ab</strong></span> <span class='ocrx_word' id='word_1_149' title='bbox 639 2313 779 2383; x_wconf 82' lang='lat' dir='ltr'><strong>exercitu,</strong></span> <span class='ocrx_word' id='word_1_150' title='bbox 801 2314 1027 2389; x_wconf 87' lang='lat' dir='ltr'><strong>consequebare,</strong></span> 
     </span>
     <span class='ocr_line' id='line_1_23' title="bbox 234 2409 1027 2487; baseline -0.006 -18"><span class='ocrx_word' id='word_1_151' title='bbox 234 2410 401 2486; x_wconf 87' lang='lat' dir='ltr'><strong>equitando,</strong></span> <span class='ocrx_word' id='word_1_152' title='bbox 419 2411 586 2487; x_wconf 83' lang='lat' dir='ltr'><strong>jaculando,</strong></span> <span class='ocrx_word' id='word_1_153' title='bbox 601 2409 680 2466; x_wconf 91' lang='lat' dir='ltr'><strong>omni</strong></span> <span class='ocrx_word' id='word_1_154' title='bbox 702 2410 818 2467; x_wconf 88' lang='lat' dir='ltr'><strong>militari</strong></span> <span class='ocrx_word' id='word_1_155' title='bbox 839 2410 939 2481; x_wconf 87' lang='lat' dir='ltr'><strong>labore</strong></span> <span class='ocrx_word' id='word_1_156' title='bbox 960 2409 1027 2465; x_wconf 82' lang='lat' dir='ltr'><strong>tole·</strong></span> 
     </span>
     <span class='ocr_line' id='line_1_24' title="bbox 234 2500 1025 2583; baseline -0.004 -20"><span class='ocrx_word' id='word_1_157' title='bbox 234 2508 333 2565; x_wconf 79' lang='lat' dir='ltr'><strong>raudo.</strong></span> <span class='ocrx_word' id='word_1_158' title='bbox 375 2509 472 2583; x_wconf 83' lang='lat' dir='ltr'><strong>Atque</strong></span> <span class='ocrx_word' id='word_1_159' title='bbox 492 2500 528 2565; x_wconf 74' lang='lat' dir='ltr'><strong>ed</strong></span> <span class='ocrx_word' id='word_1_160' title='bbox 547 2507 663 2582; x_wconf 89' lang='lat' dir='ltr'><strong>quidem</strong></span> <span class='ocrx_word' id='word_1_161' title='bbox 684 2519 734 2564; x_wconf 91' lang='lat' dir='ltr'><strong>tua</strong></span> <span class='ocrx_word' id='word_1_162' title='bbox 754 2508 817 2565; x_wconf 85' lang='lat' dir='ltr'><strong>lans</strong></span> <span class='ocrx_word' id='word_1_163' title='bbox 835 2507 945 2582; x_wconf 86' lang='lat' dir='ltr'><strong>pariter</strong></span> <span class='ocrx_word' id='word_1_164' title='bbox 962 2522 1025 2563; x_wconf 90' lang='lat' dir='ltr'><strong>cum</strong></span> 
     </span>
     <span class='ocr_line' id='line_1_25' title="bbox 235 2602 1026 2678; baseline -0.003 -19"><span class='ocrx_word' id='word_1_165' title='bbox 235 2603 388 2678; x_wconf 72' lang='lat' dir='ltr'><strong>republiob</strong></span> <span class='ocrx_word' id='word_1_166' title='bbox 404 2604 528 2661; x_wconf 83' lang='lat' dir='ltr'><strong>cecidit:</strong></span> <span class='ocrx_word' id='word_1_167' title='bbox 556 2602 628 2659; x_wconf 90' lang='lat' dir='ltr'><strong>mihi</strong></span> <span class='ocrx_word' id='word_1_168' title='bbox 650 2613 746 2660; x_wconf 90' lang='lat' dir='ltr'><strong>autem</strong></span> <span class='ocrx_word' id='word_1_169' title='bbox 769 2605 833 2660; x_wconf 86' lang='lat' dir='ltr'><strong>haec</strong></span> <span class='ocrx_word' id='word_1_170' title='bbox 853 2604 949 2661; x_wconf 89' lang='lat' dir='ltr'><strong>oratio</strong></span> <span class='ocrx_word' id='word_1_171' title='bbox 969 2619 1026 2659; x_wconf 79' lang='lat' dir='ltr'><strong>sus·</strong></span> 
     </span>
     <span class='ocr_line' id='line_1_26' title="bbox 189 2699 1026 2777; baseline 0.004 -26"><span class='ocrx_word' id='word_1_172' title='bbox 189 2700 221 2751; x_wconf 77' lang='lat'><strong>25</strong></span> <span class='ocrx_word' id='word_1_173' title='bbox 235 2708 320 2774; x_wconf 82' lang='lat' dir='ltr'><strong>cepte</strong></span> <span class='ocrx_word' id='word_1_174' title='bbox 332 2714 397 2756; x_wconf 62' lang='lat' dir='ltr'><strong>‘nou</strong></span> <span class='ocrx_word' id='word_1_175' title='bbox 412 2699 448 2756; x_wconf 90' lang='lat' dir='ltr'><strong>de</strong></span> <span class='ocrx_word' id='word_1_176' title='bbox 462 2709 491 2756; x_wconf 90' lang='lat' dir='ltr'><strong>te</strong></span> <span class='ocrx_word' id='word_1_177' title='bbox 505 2708 559 2769; x_wconf 89' lang='lat' dir='ltr'><strong>est,</strong></span> <span class='ocrx_word' id='word_1_178' title='bbox 574 2699 623 2756; x_wconf 90' lang='lat' dir='ltr'><strong>sed</strong></span> <span class='ocrx_word' id='word_1_179' title='bbox 645 2699 681 2756; x_wconf 92' lang='lat' dir='ltr'><strong>de</strong></span> <span class='ocrx_word' id='word_1_180' title='bbox 702 2719 809 2777; x_wconf 86' lang='lat' dir='ltr'><strong>genere</strong></span> <span class='ocrx_word' id='word_1_181' title='bbox 829 2709 908 2758; x_wconf 88' lang='lat' dir='ltr'><strong>toto:</strong></span> <span class='ocrx_word' id='word_1_182' title='bbox 931 2716 1026 2776; x_wconf 77' lang='lat' dir='ltr'><strong>quam·</strong></span> 
     </span>
     <span class='ocr_line' id='line_1_27' title="bbox 193 2795 818 2873; baseline 0.003 -21"><span class='ocrx_word' id='word_1_183' title='bbox 193 2816 198 2833; x_wconf 90' lang='lat'><strong>·</strong></span> <span class='ocrx_word' id='word_1_184' title='bbox 234 2795 333 2852; x_wconf 89' lang='lat' dir='ltr'><strong>obrem</strong></span> <span class='ocrx_word' id='word_1_185' title='bbox 348 2812 500 2873; x_wconf 83' lang='lat' dir='ltr'><strong>pergamus</strong></span> <span class='ocrx_word' id='word_1_186' title='bbox 516 2797 550 2852; x_wconf 87' lang='lat' dir='ltr'><strong>ad</strong></span> <span class='ocrx_word' id='word_1_187' title='bbox 565 2815 610 2868; x_wconf 84' lang='lat' dir='ltr'><strong>ea,</strong></span> <span class='ocrx_word' id='word_1_188' title='bbox 625 2816 688 2872; x_wconf 83' lang='lat' dir='ltr'><strong>quae</strong></span> <span class='ocrx_word' id='word_1_189' title='bbox 702 2808 818 2855; x_wconf 86' lang='lat' dir='ltr'><strong>restant.</strong></span> 
     </span>
     <span class='ocr_line' id='line_1_28' title="bbox 273 2891 1024 2971; baseline -0.004 -20"><span class='ocrx_word' id='word_1_190' title='bbox 273 2892 312 2952; x_wconf 91' lang='lat' dir='ltr'><strong>Ut</strong></span> <span class='ocrx_word' id='word_1_191' title='bbox 326 2891 423 2969; x_wconf 87' lang='lat' dir='ltr'><strong>igitur,</strong></span> <span class='ocrx_word' id='word_1_192' title='bbox 439 2892 467 2949; x_wconf 89' lang='lat' dir='ltr'><strong>in</strong></span> <span class='ocrx_word' id='word_1_193' title='bbox 483 2892 601 2968; x_wconf 89' lang='lat' dir='ltr'><strong>reliquis</strong></span> <span class='ocrx_word' id='word_1_194' title='bbox 615 2895 712 2965; x_wconf 71' lang='lat' dir='ltr'><strong>rebuS,</strong></span> <span class='ocrx_word' id='word_1_195' title='bbox 727 2895 817 2951; x_wconf 88' lang='lat' dir='ltr'><strong>multo</strong></span> <span class='ocrx_word' id='word_1_196' title='bbox 837 2894 946 2971; x_wconf 83' lang='lat' dir='ltr'><strong>majora</strong></span> <span class='ocrx_word' id='word_1_197' title='bbox 959 2902 1024 2951; x_wconf 87' lang='lat' dir='ltr'><strong>sunt</strong></span> 
     </span>
     <span class='ocr_line' id='line_1_29' title="bbox 234 2988 1023 3068; baseline -0.004 -19"><span class='ocrx_word' id='word_1_198' title='bbox 234 3008 322 3068; x_wconf 88' lang='lat' dir='ltr'><strong>opera</strong></span> <span class='ocrx_word' id='word_1_199' title='bbox 342 2988 440 3062; x_wconf 79' lang='lat' dir='ltr'><strong>animi,</strong></span> <span class='ocrx_word' id='word_1_200' title='bbox 462 3007 547 3063; x_wconf 85' lang='lat' dir='ltr'><strong>qnam</strong></span> <span class='ocrx_word' id='word_1_201' title='bbox 569 2991 715 3067; x_wconf 73' lang='lat' dir='ltr'><strong>corporis,</strong></span> <span class='ocrx_word' id='word_1_202' title='bbox 742 2992 785 3048; x_wconf 90' lang='lat' dir='ltr'><strong>sio</strong></span> <span class='ocrx_word' id='word_1_203' title='bbox 812 2992 856 3048; x_wconf 81' lang='lat' dir='ltr'><strong>hae</strong></span> <span class='ocrx_word' id='word_1_204' title='bbox 877 3010 934 3064; x_wconf 88' lang='lat' dir='ltr'><strong>res,</strong></span> <span class='ocrx_word' id='word_1_205' title='bbox 955 3006 1023 3066; x_wconf 81' lang='lat' dir='ltr'><strong>quas</strong></span> 
     </span>
    </p>
   </div>
   <div class='ocr_carea' id='block_1_3' title="bbox 0 0 1104 3492">
    <p class='ocr_par' dir='ltr' id='par_1_3' title="bbox 0 0 1104 3492">
     <span class='ocr_line' id='line_1_30' title="bbox 0 0 1104 3492; baseline 0 0"><span class='ocrx_word' id='word_1_206' title='bbox 0 0 1104 3492; x_wconf 95' lang='lat' dir='ltr'><strong> </strong></span> 
     </span>
    </p>
   </div>
  </div>
 </body>
</html>
