2200 3492
109 185 206 246 urar]
401 186 444 233 nn
466 186 614 237 ormena.
687 174 688 177 ’
895 176 953 234 153

108 337 216 408 eaust3
245 337 330 396 aliam
350 338 493 396 rationem
510 357 578 397 esse
599 336 706 395 sirium
720 335 904 413 reliquorum.

106 433 150 495 Hi
171 434 228 499 sibi
248 434 322 493 nihil
342 434 424 511 juris,
446 446 476 494 et
495 435 605 493 nnllam
625 434 805 506 societatem,
827 452 905 493 oom-

105 531 205 591 munis
219 531 352 591 utilitatis
363 532 461 604 carisi,
473 541 604 590 statuunt
617 551 680 589 esse
695 550 761 589 oum
776 531 903 589 civibus:

104 646 171 704 qnae
191 629 338 689 sententia
356 648 473 689 omnem
494 629 663 687 societatem
683 628 816 687 distrahit
835 629 904 687 oiri-

104 724 182 783 tatis.
234 725 298 787 Qui
319 736 414 783 autem
434 725 545 785 civium
566 726 709 784 rationem
733 725 834 784 dieunt
854 725 934 783 ha-5

104 821 243 893 bendum,
264 831 448 883 externorum
473 833 591 900 negant,
612 822 642 879 hi
664 822 803 880 dirimunt
825 842 903 881 com·

104 937 225 989 munem
240 918 359 981 humani
373 920 489 997 generis
503 919 689 990 societatem
710 919 766 996 quai
777 919 901 991 sublati,

103 1015 310 1087 benetioentia,
330 1016 498 1088 liberalitas,
520 1016 645 1089 bonitas
663 1017 784 1093 justitia,
806 1016 902 1073 sundi-

94 1123 152 1170 ·tus
179 1112 306 1171 tollitur:
334 1124 404 1188 'quae
432 1114 480 1189 qui
508 1114 621 1187 tollunt,
650 1114 738 1171 etiarn
765 1114 901 1171 adversus

104 1209 185 1267 Deus
206 1208 382 1281 immortales
410 1206 490 1286 impii
515 1210 668 1288 judicandi
695 1221 779 1269 snut:
808 1211 844 1268 ab
865 1210 900 1267 iis
916 1221 947 1279 lo

104 1305 184 1365 enirn
199 1307 386 1387 constitutam
401 1308 476 1366 inter
490 1309 623 1366 homines
638 1307 806 1368 societatem
822 1326 902 1365 ever·

103 1412 188 1474 tunt;
223 1404 306 1482 eujus
340 1405 488 1463 societatis
524 1405 718 1469 arctissimum
750 1403 900 1462 vinculum

103 1511 158 1573 est,
173 1503 266 1579 magis
286 1502 419 1560 arbitrari
440 1521 503 1560 esse
522 1512 627 1560 eontra
646 1511 789 1573 naturam,
802 1500 900 1590 laomi-

102 1616 171 1656 nem
205 1598 316 1657 homini
350 1599 510 1671 detrahere,
539 1598 585 1656 aui
618 1598 765 1656 eommodi
800 1597 898 1669 causi,

103 1713 191 1770 qnam
212 1695 312 1753 omnia
331 1695 517 1754 incommoda
538 1694 636 1752 subire
650 1693 694 1751 vel
711 1705 840 1767 externa,
855 1694 898 1753 vel
913 1702 946 1752 15

102 1792 244 1869 eorporis,
266 1793 310 1849 vel
337 1792 425 1852 stiam
459 1792 549 1869 ipsius
583 1791 682 1865 animi,
704 1776 767 1868 quar
795 1802 899 1851 vacent

99 1888 223 1966 justitiai.
278 1888 353 1949 Haeo
378 1890 457 1948 enim
489 1909 548 1948 una
575 1889 681 1948 virtus.
698 1890 827 1948 omnium
855 1900 899 1948 est

102 1985 223 2053 domina
236 1997 266 2045 et
280 1988 381 2065 regina
394 1987 540 2047 virtutum.

113 2134 115 2137 .
142 2082 279 2143 Forsitan
307 2084 448 2160 quispiam
482 2084 604 2143 dixerit:
640 2083 775 2145 “Nonne
809 2084 897 2161 igitur

102 2180 229 2257 sapiens,
263 2181 287 2238 si
322 2182 398 2239 fame
432 2181 493 2257 ipse
531 2181 714 2253 conficiatur,
749 2181 897 2238 abstulerit
911 2190 944 2239 20

102 2278 202 2337 cibum
238 2278 330 2351 alteri,
358 2278 470 2339 homini
498 2280 534 2337 ad
561 2278 669 2336 nullam
699 2295 760 2337 rem
788 2276 895 2333 utilit”

101 2373 228 2432 Minime
255 2395 331 2448 yero.
373 2375 443 2434 Non
469 2376 547 2434 enim
575 2375 647 2439 mihi
671 2384 717 2432 est
745 2373 804 2431 vita
831 2392 898 2432 maa

102 2471 213 2544 utilior,
235 2492 320 2547 quam
344 2473 432 2533 animi
458 2473 525 2531 talis
553 2473 677 2545 affectio,
698 2471 843 2530 neminem
866 2481 898 2529 ut

102 2569 212 2636 violem,
230 2570 376 2629 commodi
396 2571 454 2628 mei
474 2570 576 2647 gratia.
616 2569 720 2632 Quidt
746 2568 772 2626 si
796 2569 898 2627 Phala·

102 2665 167 2738 rim,
183 2668 329 2743 crudelem
343 2678 496 2743 tyrannum
511 2677 540 2725 st
556 2667 721 2738 immanem,
735 2666 778 2724 vir
792 2668 896 2739 bonus,
910 2675 943 2724 25

102 2782 139 2821 ne
150 2764 213 2840 ipse
224 2764 329 2841 frigore
344 2765 524 2835 conficiatur,
535 2764 639 2823 vestitu
654 2763 777 2840 spoliare
791 2764 895 2840 possit;

101 2879 201 2921 nonne
216 2861 323 2920 saciati
364 2861 438 2937 llaee
455 2862 492 2918 ad
509 2861 699 2938 judicandum
714 2871 781 2919 sunt
795 2860 897 2921 sacilli·

101 2976 157 3017 ma
199 2957 229 3016 N
233 2978 288 3031 am,
303 2959 328 3018 si
343 2958 412 3034 quid
427 2959 463 3018 ab
478 2958 594 3017 homine
609 2959 643 3016 ad
658 2958 766 3016 nullam
784 2966 895 3033 partem
