2200 3492
69 205 147 269 nun
356 211 401 257 nn
421 210 568 258 osricus
814 213 818 219 ·
847 198 899 259 121

69 367 235 432 sumptuum
255 358 421 416 facultatem
441 359 566 417 fructum
583 358 748 416 ‹invitiarum
767 367 850 434 putat

70 451 142 510 Mihi
165 466 262 512 autem
276 455 325 513 ille
340 456 450 513 fructus
462 455 654 529 liberalitatis,
669 455 752 531 cujus
766 471 860 513 exem·

69 549 109 626 pla
121 570 222 626 pauca
234 536 326 627 posui,
339 553 428 610 multo
439 563 468 610 et
477 553 569 629 major
580 552 692 609 ridetur
703 561 732 609 et
743 552 858 610 certior.

69 645 190 708 Quanto
210 648 382 706 Aristoteles
402 649 518 726 grauius
533 659 564 706 et
576 649 672 706 verius
692 668 747 705 nos
766 666 860 725 repre-

70 742 179 816 hendit,
208 763 258 819 qur
285 745 337 802 has
365 746 555 822 pecuniarum
585 745 740 803 effusiones
771 744 889 825 [non]5

69 839 254 913 admiremur,
270 860 333 916 quac
346 843 419 899 liunt
433 842 470 899 ad
483 842 697 899 multitudinem
715 842 860 899 delenien-

70 936 150 995 dam!
195 938 246 1009 Ar,
261 938 292 1009 ii,
306 938 355 1014 qui
375 939 411 995 ab
431 939 513 996 hoste
533 939 711 1010 obsidentur,
725 938 749 995 si
763 956 860 995 emere

72 1052 149 1109 aquae
164 1035 327 1093 sextarium
336 1035 414 1092 mind
430 1045 582 1111 cogantur,
593 1036 650 1092 hoc
664 1035 758 1110 primo
768 1034 861 1091 iucre-

71 1130 157 1188 dibile
178 1131 263 1189 nobis
283 1131 384 1203 videri,
404 1150 562 1206 omnesque
582 1131 679 1188 mirari
690 1131 701 1188 :⁴
717 1130 778 1201 sed,
793 1150 860 1187 curu

73 1228 256 1299 attenderint,
286 1228 398 1285 veniam
431 1228 598 1286 necessitati
631 1228 717 1285 dare:
751 1228 781 1285 in
815 1227 861 1284 his
876 1239 906 1286 10

72 1323 245 1382 immanibus
262 1324 392 1400 jacturis,
407 1325 582 1400 infinitisque
603 1325 774 1400 sumptibus,
788 1324 860 1381 nihil

73 1439 123 1479 nos
157 1438 333 1497 magnopere
366 1421 480 1492 mirari3
513 1441 580 1478 cum
613 1420 771 1497 presertim
805 1437 862 1477 nec

74 1518 238 1577 necessitati
259 1518 454 1590 subveniatur,
475 1537 531 1576 uec
559 1518 685 1594 dignitas
706 1526 860 1593 ungentum

75 1614 189 1690 ipsaque
212 1614 264 1672 illa
285 1614 441 1672 delectatio
461 1614 655 1675 multitudinis
676 1613 713 1670 sit
727 1614 762 1670 ad
777 1613 862 1669 breve

75 1711 264 1789 exiguumque
283 1721 413 1786 tempus3
435 1726 527 1786 eaque
542 1730 558 1768 a
571 1709 717 1768 levissimo
731 1728 861 1785 quoqne:
877 1721 907 1768 15

77 1805 171 1883 inquo
191 1818 291 1865 tamen
311 1807 384 1883 ipso,
399 1807 458 1864 uni
479 1826 546 1865 cum
567 1807 708 1879 satietate,
723 1805 864 1865 memoria

77 1922 184 1980 quoque
204 1904 343 1963 moriatur
363 1904 526 1981 voluptatis.
569 1903 650 1961 Bene
674 1905 760 1961 etiam
783 1903 864 1961 colli·

78 2000 121 2076 git,
148 2001 213 2059 brec
239 2001 347 2076 pueris,
375 2011 404 2058 et
431 2000 620 2075 mulierculis,
648 1992 677 2058 et
706 2002 805 2073 servis,
833 2011 863 2058 et

79 2114 218 2155 servorum
246 2097 400 2157 simillimis
427 2098 536 2169 liberis,
561 2117 625 2154 esse
651 2108 748 2175 grata3
783 2098 863 2174 gravi

79 2210 137 2250 uero
163 2192 287 2263 homiui,
316 2202 346 2249 et
372 2210 416 2265 en,
445 2212 508 2267 quae
535 2194 616 2264 liant,
641 2193 754 2269 judicio
783 2201 864 2249 certo
877 2205 909 2255 20

78 2288 254 2363 ponderanti,
268 2289 384 2364 probari
394 2304 480 2365 posse
492 2289 575 2346 nullo
589 2290 685 2346 ruodo.

111 2385 290 2461 Quanquam
303 2385 446 2461 intelligo,
461 2386 492 2442 iu
504 2387 605 2443 nostri
619 2385 734 2442 civitate
757 2384 865 2440 invete-

80 2481 150 2541 rtsse
167 2483 229 2558 jam
244 2501 261 2538 a
275 2481 359 2538 bonis
372 2482 560 2556 temporibus,
575 2491 606 2537 ut
626 2480 761 2556 splendor
777 2479 865 2537 aedili·

81 2586 163 2635 tutum
192 2579 229 2635 ab
257 2577 374 2652 optimis
396 2576 465 2633 viris
491 2577 659 2653 postuletur.
710 2575 812 2651 Itaque
836 2587 865 2634 et

80 2672 107 2732 P.
121 2675 254 2745 Crassus,
276 2693 344 2731 curn
365 2674 539 2750 cognomine
561 2673 660 2745 Dives,
680 2684 741 2731 tum
762 2674 864 2751 copiis,
879 2691 911 2739 un

82 2769 189 2830 functum
203 2782 249 2828 est
263 2764 389 2827 aedilitio
403 2770 529 2829 maximo
545 2790 674 2829 munere.
716 2771 765 2843 Et,
778 2771 866 2848 paulo

81 2877 147 2940 post,
161 2868 194 2925 L.
211 2867 345 2938 Crassus,
360 2885 427 2924 cum
446 2868 578 2926 omnium
599 2868 748 2925 bominum
769 2866 867 2922 mode-

81 2963 217 3022 ratissimo
237 2962 278 3026 Q.
294 2961 408 3036 Mucio,
421 2963 709 3041 magnificentissimi
729 2962 866 3020 edilitete

312 3060 347 3117 ll
