2200 3492
503 175 549 234 ¹uu
566 173 712 219 osricus.
938 173 1010 232 [nn

219 322 319 398 aperti,
331 323 380 398 qui
395 322 466 381 nihil
479 342 515 379 ex
526 322 654 395 occulto,
665 321 737 380 nihil
748 341 785 378 ex
794 321 909 380 insidiis
921 341 1012 399 agen·

218 418 286 476 dum
305 430 417 495 putant,
439 419 568 476 veritatis
587 419 723 490 cultores,
745 418 853 476 fraudis
873 418 1011 476 inimici:

219 516 344 590 itemque
359 510 418 586 alii,
432 515 481 591 qui
500 513 613 590 quidvis
632 515 838 590 perpetiantur,
853 515 948 573 cuivis
961 516 1020 573 de-

218 611 353 682 serviant,
378 612 457 679 dum,
484 611 562 687 quod
588 610 687 682 velint,
714 622 945 686 consequantur3
978 623 1015 670 ut

188 707 307 767 ssuttae
328 705 369 764 M.
392 707 528 764 Crassum
549 706 732 777 videbamus3
758 706 830 782 (quo
850 706 880 763 in
901 726 1015 783 genere

219 805 444 861 versutissimum
458 813 487 861 et
500 802 740 880 patientissimum
753 802 1015 879 Lacedaemonium

220 900 399 976 Lysandrum
414 899 590 974 accepimus,
605 909 764 973 contraque
780 899 1014 972 calficiendum,

221 995 270 1070 qni
294 994 447 1071 praesectus
469 995 555 1052 classi
575 993 723 1070 proximus
742 1004 807 1070 post
828 995 1016 1070 Lysandrum

193 1098 195 1103 ’
221 1092 288 1172 tuit)
301 1092 426 1167 itemque
440 1092 471 1149 iu
484 1091 677 1163 sermonibus,
684 1092 786 1163 alium,
797 1091 926 1167 quamvis
938 1111 1017 1167 prae·

177 1209 207 1257 ιι)
220 1199 323 1264 potens
343 1189 389 1259 sit,
404 1189 528 1259 efficere,
543 1199 576 1245 nt
589 1207 664 1244 unus
678 1189 714 1246 de
727 1188 825 1245 multis
837 1206 901 1249 esse
914 1188 1016 1246 videa-

221 1296 284 1343 tur:
314 1285 391 1360 quod
414 1284 444 1345 in
472 1284 588 1356 Catulo,
608 1293 638 1342 et
665 1283 696 1342 in
720 1295 811 1360 patre,
832 1294 861 1342 et
890 1284 919 1341 iu
940 1284 1015 1357 filio,

222 1383 355 1458 idemque
370 1382 400 1440 in
412 1382 453 1444 Q.
469 1380 573 1439 Mucio
586 1380 716 1453 Manem,
731 1381 861 1439 vidimus.
900 1382 1016 1440 Audivi

222 1498 258 1536 ex
272 1478 427 1556 majoribus
441 1488 521 1551 natu,
532 1479 589 1537 hoc
599 1479 676 1536 idern
686 1478 774 1537 fuisse
785 1478 814 1535 iu
826 1478 857 1536 P.
870 1478 1016 1553 Scipione

222 1575 349 1633 Nasici:
371 1586 538 1651 contraque,
560 1585 670 1651 patrem
692 1575 763 1651 ejus,
785 1574 875 1658 illum,
889 1575 939 1650 qui
961 1574 1015 1633 Ti.

177 1685 209 1732 15
222 1671 350 1729 Gracchi
370 1678 491 1730 conatus
509 1672 639 1747 perditos
654 1671 820 1742 vindicavit,
837 1671 945 1728 nullam
964 1690 1017 1729 co·

222 1767 350 1825 mitatem
365 1768 500 1826 habuisse
514 1769 670 1826 sermonis:
691 1787 728 1826 ne
741 1768 937 1825 Xenocratem
951 1769 1017 1843 qui·

223 1863 299 1935 dem,
327 1863 539 1921 severissimum
559 1864 807 1940 philosophorum,
829 1865 867 1921 ob
886 1883 1016 1939 ,eamque

223 1977 283 2016 rem
298 1958 388 2035 ipsam
403 1972 546 2037 magnum
554 1960 720 2036 clarumque
740 1960 837 2021 fuisse.
878 1959 1016 2018 Innume-

223 2055 329 2113 rabiles
343 2056 405 2114 aliu
419 2055 669 2115 dissimilitudines
684 2067 752 2114 sunt
764 2068 874 2115 naturae
888 2077 1016 2115 morum·

177 2167 208 2216 uo
223 2171 289 2228 que,
304 2151 423 2210 minime
436 2163 534 2211 tamen
548 2153 809 2230 vituperandorum.

262 2346 380 2405 xxxi,
402 2347 570 2405 Admodum
594 2357 690 2405 antem
713 2347 852 2406 tenenda¹
866 2358 933 2406 sunt
960 2367 1016 2407 sua

224 2444 338 2518 cuique,
356 2450 414 2502 non
435 2442 548 2515 vitiosa,
569 2443 620 2499 sed
640 2453 737 2500 tamen
756 2445 881 2519 propria,
896 2463 954 2520 quo
974 2445 1015 2503 fa·
1070 2504 1073 2509 ,

218 2531 309 2596 citius
322 2540 466 2596 decorum.
481 2538 563 2609 illud,
577 2539 654 2614 quod
668 2539 831 2615 querimus,
845 2540 1012 2599 retineatur.

224 2635 274 2692 Sic
294 2635 372 2707 enim
393 2634 639 2706 estt'nciendum,
659 2645 701 2707 ut,
722 2647 824 2694 contra
851 2638 1013 2696 universam

175 2737 209 2785 “25
223 2724 366 2803 naturam,
385 2730 458 2789 nihil
478 2731 705 2802 contendamus3
726 2734 761 2793 et
781 2743 878 2791 tamen
898 2753 1014 2792 conser-

223 2828 299 2901 vatis,
313 2827 457 2904 propriam
477 2837 610 2886 naturam
631 2848 783 2905 sequamur
793 2849 801 2900 ;
823 2839 865 2902 ut,
879 2831 968 2888 etiam
987 2832 1012 2888 si

224 2926 281 2986 sint
295 2925 352 2985 alia
364 2924 497 3005 graviora
511 2935 597 3002 atque
607 2926 737 2999 meliora,
746 2937 843 2987 tamen
855 2945 908 2985 nos
917 2927 1014 2985 studia
