2200 3492
183 168 222 237 ⁷8
497 177 540 227 nn
562 178 708 227 urricus.
952 178 994 240 [u.
1005 176 1029 227 1.
1079 147 1081 159 '

228 329 262 388 L.
278 328 404 402 Luculli,
419 328 525 387 summi
545 328 609 401 viri,
624 328 758 386 virtutem
779 327 862 403 qnisl
884 336 913 385 at
933 345 1027 403 quam
1081 382 1082 385 ,

228 427 310 484 multi
343 427 475 484 villarum
511 425 756 503 magnificentiam
793 424 897 482 imitati
934 425 1024 482 sunt!

227 542 346 600 quarum
374 523 490 603 quidem
518 533 597 581 certe
623 532 667 579 est
695 521 875 579 adhibendus
906 521 1024 593 modus,

226 620 264 678 ad
290 620 576 694 mediocritatemque
609 618 794 678 revocandus.
850 617 1024 693 Eademque

197 717 412 775 5mediocritas
448 716 483 774 ad
519 735 602 774 usum
636 715 803 791 cultumque
829 715 894 772 vita
927 724 1024 772 trans

228 813 347 872 serenda
358 825 409 870 est.
452 814 509 870 Sed
525 814 588 873 haec
602 813 751 870 hactenus.

267 909 301 966 Iu
312 910 392 967 omni
404 919 499 968 autem
509 909 623 967 actione
632 908 827 985 suscipienda,
837 907 892 965 tria
900 918 968 964 sunt
978 918 1023 965 te·

227 1006 338 1076 nenda;
357 1007 492 1082 primum,
502 1015 533 1063 ut
547 1005 690 1083 appetitus
704 1005 810 1062 rationi
823 1014 921 1083 pareat
929 1025 937 1074 3
960 1023 1021 1079 quo

226 1102 299 1159 nihil
316 1114 359 1161 est
374 1103 409 1160 ad
424 1103 520 1161 officia
534 1103 732 1159 conservanda
753 1101 1020 1160 accommodatius:

182 1206 212 1257 2⁰
227 1198 342 1270 deinde,
365 1202 396 1256 ut
419 1199 671 1269 animadvertatur,
695 1209 803 1273 quanta
823 1198 872 1256 illa
898 1217 945 1256 res
969 1198 1020 1270 sit,

227 1315 312 1371 quatu
339 1296 454 1353 efficere
481 1295 618 1365 velimus;
653 1306 685 1352 ut
717 1313 790 1352 nere
817 1295 908 1371 major
942 1314 1020 1353 neve

226 1392 321 1450 minor
348 1411 419 1450 cura
445 1402 474 1449 et
495 1411 585 1467 opera
611 1391 794 1466 suscipiatur,
815 1410 900 1466 quam
928 1411 1021 1451 causa

225 1489 367 1565 postulet:
402 1489 518 1547 tertium
546 1498 599 1560 est,
630 1485 675 1565 [ut
707 1489 883 1569 caveamus]
912 1497 944 1545 ut
972 1507 1020 1560 ea,

226 1605 290 1661 quae
310 1587 454 1663 pertinent
475 1586 509 1643 ad
530 1585 679 1643 liberalem
700 1584 826 1660 speciem
846 1594 876 1641 et
893 1583 1021 1661 dignita·

180 1696 211 1748 15
226 1692 295 1754 tem,
311 1683 458 1741 moderata
478 1683 543 1741 sint.
586 1681 693 1740 Modus
714 1691 808 1739 autern
823 1691 866 1738 est
880 1672 1019 1757 optimus,

226 1780 316 1837 decus
337 1779 430 1856 ipsum
451 1789 560 1851 tenere,
580 1780 617 1836 de
637 1797 695 1853 quo
716 1788 782 1835 ante
805 1778 940 1850 diximus,
961 1798 1020 1837 nec

225 1875 361 1951 progredi
388 1874 511 1951 longius.
567 1874 681 1932 Horum
707 1884 804 1932 tamen
830 1873 918 1931 trium
947 1894 1021 1950 prae·

226 1970 432 2028 stantissimnm
453 1980 505 2042 est,
521 1971 679 2048 appetitum
692 1971 889 2046 obtemperare
904 1971 1019 2031 rationi.

265 2162 329 2220 XL.
351 2162 498 2240 Deinceps
520 2163 557 2220 de
571 2162 673 2221 ordine
687 2181 792 2234 rerum,
806 2173 835 2221 et
853 2173 1018 2240 temporum

179 2270 211 2322 20
227 2261 449 2337 opportunitate,
464 2246 621 2317 diceridum
638 2268 689 2317 est.
732 2244 908 2318 Hacautem
923 2262 1020 2320 scien·

227 2357 269 2413 tia
289 2357 453 2415 continetur
475 2376 519 2435 ea,
542 2375 627 2430 quam
649 2354 746 2417 Graeci
767 2358 905 2418 Εὐιαξίαν
924 2358 1036 2419 ῃοιῃὶ.ν

226 2464 306 2525 nant,
321 2472 379 2510 non
400 2454 473 2525 haec,
490 2471 576 2528 quam
597 2452 816 2528 interpretamur
836 2453 1017 2521 modesticmr

228 2569 285 2624 quo
299 2549 328 2607 in
343 2551 429 2607 verbo
449 2534 561 2609 modus*
573 2548 664 2606 inest:
687 2549 738 2606 sed
759 2549 807 2608 illa
828 2560 871 2607 est
892 2541 1017 2626 ὲύταξία,

226 2644 256 2704 in
274 2640 332 2720 vqud
353 2646 521 2723 intelligitur
542 2646 652 2704 ordinis
673 2648 861 2705 conservatio.
904 2646 1017 2725 Itaque,

179 2747 211 2798 25
228 2750 259 2797 ut
301 2741 422 2797 eandem
457 2761 510 2799 nos
546 2742 716 2798 modestiam
752 2743 937 2819 appellemus,
973 2743 1018 2802 sic

227 2837 359 2895 delinitur
394 2856 411 2896 a
440 2837 560 2913 Stoicis,
587 2850 619 2896 ut
650 2838 791 2897 modestia
824 2839 861 2897 sit
895 2840 1018 2899 scientia

226 2953 324 2995 aarum
352 2954 457 3008 rerum,
479 2955 542 3013 quae
568 2946 688 3014 agentur
713 2946 761 2993 aut
785 2935 928 3009 dicentur,
950 2936 1018 2995 loco
