2200 3492
98 185 166 244 ur]
397 185 441 231 on
461 185 610 270 osricus.
900 178 937 237 ’l

98 336 268 413 diligentem
288 336 428 395 fabricam
449 337 563 395 imitata
582 348 627 394 est
646 338 794 395 bominum
814 354 895 394 rere·

99 434 213 492 cundia
256 433 336 496 Quae
365 434 443 492 enirn
472 444 579 492 natma
598 434 766 505 occultavit,
790 434 893 492 eadem

99 551 208 603 omnes,
223 531 274 606 qui
289 532 361 589 santi
371 541 470 588 mente
482 542 559 603 aunt,
569 542 718 589 removent
733 533 769 589 ab
782 532 876 589 oculis
884 551 892 602 ;

99 628 210 704 ipsique
231 628 409 700 necessitati,
424 629 494 687 daut
507 647 635 704 operam,
649 638 682 687 ut
697 648 782 705 quam
797 629 895 687 occul·

98 725 211 783 tissime
217 735 353 800 pareant:
368 744 548 801 quarumque
555 726 680 801 partium
688 727 818 803 corporis
824 746 894 784 usus
907 730 924 779 5

99 832 165 880 sunt
185 822 355 893 necessarii,
370 841 420 880 eas
440 840 535 897 neque
555 833 661 899 partes,
679 842 774 898 neque
794 842 894 882 earum

99 939 177 990 usus,
193 919 255 977 suis
275 917 443 979 nominibus
464 919 625 995 appellarit:
647 920 781 994 quodque
798 919 894 978 facere

99 1024 182 1090 turpe
196 1034 255 1073 nun
270 1025 324 1087 eat,
336 1015 423 1073 modo
433 1015 560 1086 occulte,
572 1015 601 1092 id
612 1016 710 1072 dicere
724 1017 894 1073 cbscoenum

100 1122 150 1170 est,
193 1110 298 1186 Itaque
311 1130 368 1169 nec
383 1122 481 1186 aperta
496 1111 571 1170 actio
581 1131 679 1169 rerum
690 1112 802 1169 iliarum
813 1123 895 1187 petu-

100 1209 191 1269 lantia
204 1218 299 1281 vacat,
310 1228 366 1266 nec
376 1209 515 1266 orationis
529 1209 712 1267 obscoenitas.
910 1213 940 1264 10

123 1305 206 1363 2Nec
220 1325 289 1363 vero
304 1306 440 1364 audiendi
454 1317 522 1367 suut
536 1306 653 1381 Cynici,
669 1316 717 1364 aut
732 1306 820 1382 siqui
835 1306 895 1364 fue·

100 1414 166 1461 runt
181 1403 278 1461 Stoici
291 1421 375 1478 paene
393 1403 508 1480 Cynici,
520 1404 571 1479 qui
587 1403 803 1479 reprehendunt
816 1412 845 1461 et
859 1404 896 1460 ir·

101 1497 205 1569 rident,
215 1496 295 1571 quod
305 1515 350 1567 ea,
360 1515 424 1571 quae
434 1497 529 1573 turpia
539 1514 571 1555 re
583 1515 642 1553 non
651 1496 718 1566 sint,
728 1495 895 1552 nominibus

102 1614 134 1652 ac
147 1593 246 1654 verbis
255 1593 400 1671 flagitiosa
410 1594 567 1664 ducamus3
583 1593 634 1650 illa
648 1603 754 1663 autem,
764 1611 828 1667 quae
839 1602 897 1650 tur·

100 1691 147 1765 pia
156 1690 227 1762 sint,
239 1690 407 1751 nominibus
422 1690 599 1766 appellemus
612 1688 681 1747 suis.
703 1688 895 1759 Latrociuari,
912 1701 942 1750 15

101 1788 245 1859 fraudare,
256 1787 428 1859 adulterare,
436 1806 469 1851 re
479 1797 564 1864 turpe
571 1796 631 1857 est3
652 1787 702 1845 sed
717 1786 824 1845 dicitur
838 1805 895 1847 uon

100 1885 256 1942 cbsemne:
277 1883 387 1941 liberis·
397 1884 467 1943 dare
485 1903 614 1960 operam,
629 1903 661 1941 re
674 1885 827 1942 honesturn
841 1894 895 1955 est,

100 1983 217 2040 nomine
231 1983 419 2039 obscaenum:
440 1983 581 2058 pluraque
594 1983 625 2038 in
639 2000 703 2039 eam
722 1981 895 2038 sententiam

102 2081 136 2137 ab
149 2080 262 2141 eisdem
278 2088 381 2137 contra
390 2079 596 2137 verecundiam
607 2079 798 2154 disputantur.
833 2076 897 2135 Nos

102 2188 197 2235 autem
212 2186 348 2234 naturam
362 2194 531 2252 aequamen
554 2185 584 2233 et
599 2177 637 2235 ab,
648 2175 738 2246 omni,
752 2174 832 2250 quod
849 2173 897 2230 ab
911 2185 943 2235 2⁰

101 2274 199 2335 horret
227 2273 266 2332 ab
292 2274 445 2331 oculorum
477 2273 648 2349 auriumque
679 2271 896 2349 approbatione,

102 2372 248 2448 fugiamus
304 2371 414 2442 Status,
440 2371 585 2441 incessus,
611 2369 712 2440 sessio,
741 2366 896 2437 accubitio,

102 2470 206 2540 vultus,
229 2467 319 2540 oculi,
340 2476 606 2538 manuummotus,
620 2475 738 2525 teneant
758 2464 829 2523 iliud
850 2465 899 2521 de·

103 2585 211 2625 corum.

138 2659 262 2722 Quibus
282 2659 313 2717 in
329 2659 416 2717 rebus
437 2660 496 2719 duo
513 2658 640 2716 maxime
655 2666 723 2715 sunt
743 2656 897 2734 fugienda3
913 2666 944 2715 25

103 2757 209 2832 nequid
224 2756 435 2813 effeminatum
450 2764 501 2813 aut
512 2754 610 2826 molle,
625 2767 653 2814 et
667 2754 774 2830 nequid
794 2755 898 2811 durum

106 2862 152 2911 aut
165 2853 382 2925 rusticum„sit.
423 2851 490 2910 Nec
510 2871 581 2910 vero
601 2850 790 2915 histrionibus
804 2859 899 2908 crato-

105 2948 243 3025 ribusque
263 2948 487 3008 concedendum
507 2957 563 3021 est,
576 2956 610 3005 ut
623 2947 659 3006 iis
672 2946 736 3005 baec
750 2955 816 3022 apta
829 2944 897 3016 sint,
