2200 3492
516 201 560 252 nn
579 165 726 252 omens.
941 204 983 264 [u
994 205 1013 253 ι.

225 352 335 412 militie
362 364 561 425 sacrssnent03
590 353 668 428 quis,
690 353 786 429 priore
815 352 931 424 amisso,
952 351 1019 428 jure

226 468 293 507 cum
314 450 445 508 hostibus
463 469 594 527 pugnare
607 469 666 506 non
680 459 800 526 poterat.
842 448 928 505 Adeo
942 467 1020 505 sum·

225 565 274 604 ma
283 556 345 603 erat
358 546 520 605 observatio
531 546 562 602 in
575 546 651 603 bello
661 546 812 603 movendo.
848 544 889 602 M.
900 545 1018 620 quidem

226 638 348 705 Catonis
369 641 446 703 senis
466 642 589 717 epistola
608 652 652 699 est
673 641 708 699 ad
729 640 771 701 Μ.
789 638 888 708 fliium,
910 641 940 698 in
959 642 1018 716 qui
1087 634 1088 669 ³

195 738 353 814 ascripsit,
366 758 398 797 sc
420 738 544 809 audisse,
559 757 626 794 eum
647 738 766 795 missum
788 738 895 794 factum
916 757 981 795 esse
1002 758 1020 796 a

227 835 356 906 consule,
371 853 438 895 cum
454 833 483 890 in
505 833 682 892 Macedonid
702 834 821 891 Persico
840 834 916 890 bello
934 834 1019 892 miles
1087 836 1088 891 ζ

227 940 310 987 esset
345 929 449 989 Monet
460 929 558 1006 igitur,
568 939 598 986 ut
610 939 720 1001 caveat,
729 949 766 986 ne
777 929 908 1004 proeliuni
921 929 1017 988 ineat:
1087 956 1088 961 ¹

227 1036 313 1103 negat
327 1026 405 1083 enim
423 1026 471 1103 jus
489 1045 563 1097 esse,
577 1026 626 1101 qui
642 1025 724 1082 miles
745 1045 803 1083 non
825 1026 872 1098 sit,
886 1045 1018 1103 pugnare

227 1140 293 1180 cum
308 1123 398 1180 hoste.
527 1166 530 1173 .

181 1328 212 1376 1⁰
266 1314 337 1373 XII„
365 1315 508 1390 Equidem
523 1314 595 1372 iilud
608 1314 695 1372 etiam
710 1314 917 1386 animadverto,
928 1316 1018 1390 quod,

226 1410 276 1488 qui
293 1412 410 1488 proprio
423 1412 541 1470 nomine
555 1411 712 1487 perduellis
725 1398 812 1483 esset,
826 1412 851 1469 is
865 1412 956 1470 hostis
969 1396 1019 1471 so·

227 1519 353 1583 caretur,
370 1509 489 1567 lenitate
511 1508 589 1566 verbi
610 1508 756 1567 tristitiam
779 1509 822 1569 rei
846 1508 1017 1586 mitigatam.

224 1603 330 1678 ,Hostis
344 1605 432 1677 enim,
446 1604 523 1680 apud
537 1605 661 1681 majores
674 1614 801 1675 nostrus,
815 1604 840 1661 is
853 1604 1017 1678 dicebatur,

228 1718 313 1775 quem
333 1719 412 1758 nunc
427 1700 609 1777 peregrinum
623 1688 757 1757 dicimus.
798 1698 934 1758 Indicant
946 1701 1020 1760 duo·

181 1812 212 1861 15
227 1794 323 1852 decim
347 1796 468 1853 tabule:
500 1803 518 1828 “
531 1805 580 1852 aut
606 1805 698 1853 status
720 1796 784 1855 dies
809 1815 876 1855 cum
904 1798 1017 1856 boste.”

226 1891 369 1967 Itemque,
385 1899 404 1929 ‘⁴
417 1892 552 1951 adversus
572 1891 684 1949 bostem
704 1904 813 1953 aeterna
830 1894 1016 1952 auctoritas.”

226 1988 311 2053 Quid
326 1990 361 2046 ad
376 1988 452 2046 hanc
466 1988 719 2047 mansuetudinem
733 1990 800 2049 addi
814 1992 929 2066 potest?
949 2010 1017 2050 eum

228 2086 346 2160 quicum
356 2085 566 2163 bellum'geras‚
575 2096 634 2145 tam
644 2086 723 2145 molli
733 2086 851 2147 nomine
860 2088 1018 2163 appellari?

219 2181 404 2258 ¹Quanquam
420 2183 449 2240 id
463 2202 570 2240 nomen
581 2183 683 2241 durius
692 2184 751 2261 jam
765 2184 862 2242 effecit
873 2194 1016 2242 vetustas:

172 2289 212 2341 w
228 2299 246 2336 a
263 2280 417 2356 peregrino
437 2272 514 2337 enim
535 2280 666 2348 recessit,
680 2291 711 2338 et
729 2280 893 2359 propriein
906 2299 953 2353 eo,
966 2282 1017 2358 qui

228 2394 307 2434 uma
319 2384 423 2435 contra
436 2375 531 2451 ferret,
547 2376 701 2435 remansitv

266 2471 341 2541 Cum
352 2492 420 2530 vero
434 2473 471 2530 de
481 2473 603 2549 imperio
613 2473 787 2542 decertatur,
797 2474 931 2550 belloque
941 2496 1019 2551 quss-

226 2575 298 2628 ritus
311 2570 414 2648 gioria,
423 2588 526 2627 causas
535 2571 655 2628 omnino
665 2572 784 2629 subesse
793 2584 891 2633 tamen
902 2583 1018 2647 oportet

221 2668 440 2741 =easden1,quas
457 2664 516 2725 dixi
537 2664 625 2740 paulo
643 2676 711 2724 ante
725 2665 819 2744 justas
834 2680 938 2725 causas
952 2688 1018 2727 esse

175 2762 375 2820 fibellorum.
418 2760 477 2819 Sed
498 2780 534 2818 ea
555 2760 640 2833 bella,
661 2761 767 2838 quibus
790 2763 903 2839 imperii
923 2763 1017 2840 gloria

225 2858 372 2935 proposita
391 2867 446 2924 est,
468 2857 565 2917 miuus
591 2859 696 2917 acerbe
718 2859 846 2936 gerenda
859 2870 934 2917 sunt.
976 2861 1017 2919 Ut

220 2956 315 3027 enim,
328 2972 396 3014 cum
414 2955 471 3014 civi
493 2955 576 3015 aliter
597 2955 809 3027 contendimus,
822 2956 848 3013 si
860 2966 906 3014 ‘est
920 2955 1018 3047 inimi·¹
