2200 3492
88 199 156 266 nr]
259 224 263 233 ·
382 204 425 252 nn
448 205 594 254 osrrons.
882 195 923 254 79

89 372 139 412 sno
158 352 402 412 collocandarum.
444 353 547 433 Itaque
571 354 683 412 videtur
707 355 809 413 eadem
832 352 876 411 vis

90 449 193 509 ordinis
214 460 244 507 et
264 450 466 531 collocationis
487 451 557 511 fore.
599 450 678 510 Nam
696 461 726 510 et
743 451 875 509 ordinem

89 547 128 606 sio
159 548 312 621 definiunt,
341 549 581 625 compositionem
615 568 711 608 rerum
746 548 820 626 aptis
846 557 877 606 et

90 645 310 705 accommodatis
340 645 422 705 locis.
463 646 577 707 Locum
611 657 707 706 antem
741 645 875 719 actionis,

29 798 31 815 ,
88 742 329 819 opportunitatem
351 744 489 820 temporis
509 763 573 802 esse
593 744 703 802 dicunt.
744 743 907 819 Tempus5

89 851 178 897 autem
208 840 333 898 actionis
366 851 558 918 opportunum
591 842 695 901 Graeoe
729 845 876 914 Εὐκαίρια,

87 935 185 995 Latine
208 937 367 1015 appellatur
388 939 505 996 occasio.
547 938 599 997 Sic
620 939 661 1011 fit,
683 947 715 999 ut
735 937 878 996 modestia

87 1033 154 1108 hec,
175 1050 265 1111 quam
289 1035 332 1093 ita
351 1035 583 1113 interpretamur,
603 1046 637 1094 ut
662 1035 733 1109 dixi,
754 1034 878 1093 scientia

87 1130 120 1188 sit
138 1131 365 1209 opportunitatis
384 1132 557 1192 idoneorum
579 1136 614 1192 ad
639 1133 784 1212 agendum
807 1143 878 1190 tem·

86 1247 191 1304 porum.
450 1300 453 1307 ι
892 1238 924 1289 10

121 1327 179 1384 Sed
198 1336 298 1405 potest
319 1328 420 1386 eadem
434 1347 498 1386 esse
511 1328 672 1404 prudentiae
686 1327 825 1398 definitio,
840 1326 878 1383 de

87 1422 138 1496 qni
162 1424 310 1501 principio
343 1424 484 1483 diximus:
519 1424 576 1482 hoo
611 1432 707 1481 autem
740 1423 806 1481 loeo
841 1422 878 1481 de

86 1520 283 1581 moderatione
303 1531 333 1578 et
354 1521 554 1598 temperantid,
568 1531 600 1578 et
615 1539 716 1578 earum
736 1519 879 1577 similibus

87 1615 246 1692 virtutibus,
271 1619 435 1695 quaerimus.
486 1617 600 1694 Itaque,
622 1635 685 1694 qnae
709 1626 792 1675 erant
813 1634 879 1693 pru·

87 1712 184 1774 dentiae
205 1717 335 1792 propria,
349 1735 403 1774 suo
416 1716 483 1773 loco
497 1716 674 1774 dictasunt:
696 1734 759 1791 quae
782 1724 876 1772 autem
894 1718 925 1769 15

29 1854 30 1865 ,
87 1809 181 1871 barum
211 1813 361 1886 virtutum,
389 1814 426 1871 de
453 1814 559 1889 quibus
582 1812 694 1893 jamdiu
721 1812 876 1887 loquimur,

29 1942 30 1989 3
88 1926 145 1982 quae
170 1910 321 1987 pertinent
348 1912 383 1968 ad
411 1910 628 1982 verecundiam,
656 1919 686 1967 et
713 1910 749 1969 ad
776 1929 877 1967 eorum

29 1994 30 1997 ¹
89 2007 329 2082 approbationem,
357 2007 530 2084 quibuscum
562 2006 694 2079 vivimus,
721 2026 800 2065 nuno
835 2007 878 2064 di·

88 2105 174 2162 aenda
187 2113 267 2162 sunt.

120 2199 204 2259 Talis
225 2212 271 2258 est
295 2201 382 2278 igitur
409 2202 481 2259 ordo
510 2202 658 2260 actionum
685 2201 875 2271 adhibendus,
892 2208 925 2258 20

88 2306 123 2368 ut,
143 2298 389 2373 quemadmodum
410 2298 441 2357 in
460 2299 592 2357 oratione
612 2297 825 2369 constantioris
846 2297 877 2355 in

88 2393 148 2465 vital,
169 2395 273 2453 omnia
292 2396 350 2455 sint
372 2406 438 2473 apta
457 2397 532 2454 inter
560 2416 591 2454 se
615 2406 644 2455 et
665 2396 876 2454 convenientia.

88 2488 181 2569 Turpe
195 2502 241 2550 est
255 2493 344 2565 enim,
359 2493 498 2569 valdeque
511 2494 656 2566 vitiosum,
672 2493 702 2551 in
721 2512 752 2550 re
766 2494 876 2565 several,

90 2588 208 2649 convivii
239 2589 328 2661 diota,
358 2600 408 2647 aut
433 2591 590 2648 delicatum
618 2591 743 2666 aliquem
771 2590 877 2648 inserte

90 2701 254 2745 sermonem.
296 2687 377 2744 Bene
398 2686 538 2759 Pericles,
560 2706 626 2745 cum
648 2687 767 2745 haberet
791 2687 878 2745 colle·
893 2687 925 2736 25
1001 2708 1006 2719 ⁴

90 2784 198 2856 gamin
220 2784 347 2859 practura
375 2784 551 2860 Sophoclem
578 2788 704 2859 poetam,
725 2784 812 2860 hique
840 2783 877 2840 de

91 2880 231 2938 communi
254 2880 351 2938 officio
372 2881 586 2954 convenissent,
601 2892 630 2939 et
650 2901 720 2939 casu
736 2882 877 2939 formosus

90 2990 154 3050 puer
172 2975 344 3067 preteriret,
359 2976 534 3054 dixissetque
556 2977 725 3055 Sophocles,
741 2974 796 3033 “O
808 2993 878 3051 pue·
