2200 3492
126 169 163 225 1⁰
461 180 505 226 nn
524 181 670 227 osricus.
893 183 961 242 [nr.

170 344 254 384 omne
268 335 439 402 pervertant.
480 327 559 385 Nam
573 329 622 403 qui
636 347 778 411 summum
793 330 901 387 bonum
915 328 960 387 sie

172 422 305 496 instituit,
314 434 347 481 ut
359 424 432 481 nihil
446 423 552 481 habeat
563 444 630 482 eum
640 426 745 484 virtute
756 427 960 503 conjunctum

172 518 258 594 idque
282 519 341 576 suis
368 520 537 591 commodis,
559 539 618 578 non
645 522 807 593 honestate,
828 522 960 592 metitur3

174 615 232 688 hie,
247 615 271 671 si
286 616 340 673 sibi
355 615 416 692 ipse
431 616 604 689 consentiat,
619 627 648 674 et
668 635 727 675 non
747 617 890 675 interdum
912 636 963 675 na·

141 719 244 769 5tnrae
266 712 395 770 bonitate
415 712 558 785 vincatur,
573 732 667 789 neque
689 714 845 772 amicitiam
866 714 962 771 colere

161 809 271 884 ‘possit
292 827 348 865 nee
365 808 516 888 justitiam,
537 824 594 866 nee
613 804 823 869 liberalitatem.
864 809 962 868 Fortis

174 923 250 976 vero,
278 904 404 965 dolorem
432 923 575 962 summurn
602 906 710 965 malum
733 906 883 982 judicans3
913 915 963 964 aut

174 1011 346 1076 temperans,
358 1001 531 1077 voluptatem
546 1021 689 1065 summum
704 1003 809 1061 bonum
823 1012 961 1076 statuens,

173 1115 237 1155 esse
254 1106 333 1155 certe
353 1098 434 1154 nullo
454 1099 540 1155 modu
559 1108 661 1174 potest.
702 1098 780 1161 Quae
799 1116 962 1175 quanquam

127 1199 157 1250 10
173 1193 214 1250 ita
226 1203 293 1251 sunt
303 1193 486 1271 inpromptu,
497 1204 529 1251 ut
539 1213 586 1253 res
597 1194 787 1270 disputatione
798 1214 856 1254 non
866 1206 961 1273 egeat,

172 1299 268 1348 tamen
283 1300 349 1347 aunt
364 1290 479 1351 anobis
494 1290 631 1348 alie-loeo
643 1290 794 1368 disputata
836 1291 891 1350 Hae
905 1292 963 1350 dia·

172 1385 285 1460 ciplinae
300 1384 400 1462 igitur,
415 1385 439 1443 si
453 1385 508 1443 sibi
523 1396 725 1445 consentaneae
738 1405 804 1444 esse
814 1387 913 1459 velint,
924 1388 962 1446 de

171 1482 267 1539 officio
290 1482 362 1540 nihil
388 1492 495 1558 queant
522 1482 637 1541 dicere:
671 1502 766 1559 neque
789 1483 849 1542 ulla
871 1484 961 1543 efficii

170 1589 315 1656 precepta
331 1576 422 1652 firma,
437 1579 562 1652 stabilia,
577 1578 733 1657 conjuncta
751 1591 872 1652 naturae,
887 1580 961 1639 tradi

126 1690 156 1738 15
170 1685 299 1752 pessunt,
314 1675 373 1733 nisi
388 1685 436 1734 aut
450 1677 486 1733 ab
500 1676 537 1734 iis
549 1676 600 1751 qui
618 1677 720 1748 solam,
736 1684 784 1735 aut
805 1677 841 1734 ab
861 1676 897 1734 iis
910 1677 961 1752 qui

88 1764 90 1768 ⁴
172 1772 305 1843 maxime,
320 1772 500 1833 honestatem
518 1783 636 1848 propter
656 1791 687 1830 se
707 1772 806 1831 dicant
821 1784 961 1850 expeten-

172 1867 247 1926 dam.
289 1866 391 1943 Itaque
416 1867 530 1945 propria
549 1877 594 1926 est
613 1888 649 1926 ea
667 1869 820 1947 praeceptio
847 1871 961 1929 Stoico·

171 1982 245 2035 rum,
256 1963 511 2031 Aeademicorum,
525 1964 803 2042 Peripateticorum:
824 1967 960 2042 quoniam

171 2059 325 2131 Aristonis,
340 2059 504 2138 Pyrrhonis,
519 2059 635 2133 Herilli,
646 2062 705 2138 jam
719 2063 829 2139 pridem
844 2062 961 2140 explosa

59 2234 63 2238 ⁸
123 2166 155 2215 20
171 2155 314 2214 sententia
326 2166 370 2214 est
379 2174 387 2227 ς
407 2156 456 2233 qui
470 2165 568 2215 tamen
589 2158 728 2216 habereut
738 2158 786 2235 jus
806 2178 889 2217 suum
903 2160 961 2217 dis·

170 2252 290 2328 putandi
310 2252 346 2310 de
366 2252 473 2325 officio,
494 2253 518 2310 si
540 2272 636 2325 rerum
663 2254 786 2329 aliquem
814 2254 959 2315 delectum

171 2348 363 2423 reliquissent,
378 2359 410 2405 ut
431 2348 466 2406 ad
487 2349 576 2407 officii
596 2346 790 2409 inventionem
809 2350 902 2408 aditus
916 2370 960 2409 es·

169 2453 221 2502 set.
263 2445 422 2520 Sequemur
448 2444 534 2523 igitur
555 2447 613 2504 hoe
633 2446 748 2521 quidem
768 2456 907 2524 tempore,
928 2456 959 2505 et

169 2539 226 2601 hae
247 2541 276 2599 in
297 2541 464 2617 quaestione,
488 2536 667 2618 potissimum
683 2536 820 2615 Stoicus,
842 2562 900 2602 non
926 2553 959 2602 ut

122 2644 154 2694 25
169 2636 353 2713 interpretem
374 2637 425 2694 sed
445 2635 492 2715 (ut
511 2639 682 2719 solemus)e
702 2639 828 2698 sontibus
847 2657 957 2713 eorum,

166 2732 277 2811 juditio
288 2733 461 2810 arbitrioque
471 2745 579 2807 nostro,
589 2742 726 2812 quantum
738 2753 861 2812 qun-que
871 2736 958 2794 modo

169 2826 321 2902 videbitur,
336 2830 509 2891 hauriemus.

207 2924 308 2985 Planet
334 2925 431 3005 igitur,
456 2926 590 3003 quoniam
617 2927 710 2987 omnis
737 2927 892 3006 disputatio
919 2929 957 2989 ds
