2200 3492
171 202 229 261 144
507 213 552 259 ns
574 213 720 259 osricus
909 210 949 271 ,ru
966 208 1008 257 m

215 360 380 433 menturiis3
404 361 564 437 presertim
584 379 652 419 oum
671 360 790 434 scribat,
811 361 925 419 nullum
946 378 1009 419 esse

213 461 311 518 locum
326 461 356 518 in
370 458 432 517 toti
445 458 628 535 philosophis
641 468 701 516 tam
713 458 921 517 necessarium.

254 555 379 614 Minime
399 573 467 612 vcro
495 553 636 613 assentior
657 553 708 627 iis,
724 555 774 630 qui
800 564 921 632 negant,
942 573 1009 612 eum

213 654 311 712 locum
338 673 357 711 s
382 651 512 711 Pouaetio
537 650 771 728 pretermissum,
796 652 847 708 sed
876 651 1009 711 consulto

186 750 358 821 orelictum,
378 767 435 806 neo
459 748 579 806 omnino
605 748 792 806 scribendum
820 747 920 819 fuisse,
942 747 1010 823 quir

213 865 361 921 nunquam
374 856 473 921 posset
485 845 596 903 utilitas
609 864 678 903 oum
692 844 842 902 honestate
859 863 1008 921 pugnare:
1042 858 1049 870 ·

214 944 250 1001 de
277 962 334 1018 quo
363 943 484 1001 alterum
516 951 613 1018 potest
645 941 752 999 habere
785 941 1009 1013 dubitationem,

214 1022 449 1098 adhiberrdumne
474 1038 563 1097 fuerit
585 1038 642 1096 hoo
665 1057 767 1115 genus,
788 1037 865 1113 quod
886 1038 918 1095 in
941 1038 1010 1096 divi·

213 1138 296 1194 sione
309 1136 431 1195 Panaetii
445 1134 562 1194 te‘rtium
576 1147 629 1210 est,
646 1155 682 1193 ru
694 1136 780 1211 plane
796 1136 1008 1193 omittendum:

169 1239 201 1290 10
215 1234 334 1291 alterum
362 1233 487 1291 dubitari
513 1251 575 1291 non
600 1242 706 1308 potest,
734 1233 804 1308 quin
832 1252 849 1290 a
874 1231 1010 1297 Penaetio

213 1341 379 1406 susceptum
399 1330 446 1402 sit,
468 1329 519 1387 sed
546 1330 689 1387 relictum.
730 1328 808 1387 Nam
829 1329 879 1406 qui
898 1348 918 1386 e
940 1330 1011 1387 divi·

213 1427 296 1484 sione
316 1427 458 1503 tripertiti
478 1427 550 1485 duos
570 1439 666 1502 portes
688 1426 851 1499 absolverit,
867 1426 940 1484 huic
960 1446 1012 1484 ne·
1040 1425 1042 1427 ’

214 1543 296 1582 cesse
309 1534 353 1582 est
366 1535 475 1583 restare
494 1523 618 1582 tertium.
660 1523 813 1596 Praeterea,
828 1523 859 1581 iu
879 1533 1012 1582 extremo

212 1620 287 1679 libro
306 1622 404 1695 tertio,
419 1622 456 1679 de
476 1622 532 1679 hoc
551 1631 633 1697 parte
652 1621 806 1696 pollicetur
822 1639 854 1677 se
867 1620 1012 1698 deinceps

157 1730 199 1783 '15
213 1736 277 1776 esso
291 1718 445 1775 dicturum.
829 1740 831 1743 ·

252 1814 380 1871 Accedit
393 1814 495 1872 eoder'n
509 1814 591 1871 testis
603 1814 744 1889 locuples,
759 1813 944 1886 Posidonius,
959 1814 1011 1889 qui

213 1911 300 1968 etiam
322 1910 423 1967 scribit
449 1910 480 1967 in
500 1911 625 1985 quidam
648 1911 785 1986 epistold,
806 1910 838 1970 P.
860 1906 1010 1968 Rutilium
1084 1924 1085 1991 ξ

212 2006 325 2065 Rufum
340 2007 438 2064 dicere
459 2007 562 2080 solere,
577 2007 626 2083 qui
640 2007 801 2065 Panaetium
821 2007 963 2080 audierat,
979 2019 1011 2066 ut
1084 2008 1085 2085 ζ

212 2122 301 2169 nemo
324 2104 418 2181 pictor
445 2114 521 2162 esset
548 2104 692 2176 inventus,
717 2105 767 2179 qui
791 2104 862 2162 Coae
883 2103 1011 2163 Veneris

167 2216 199 2266 20
213 2220 277 2260 oum
290 2212 411 2278 partem,
422 2221 508 2277 quem
520 2202 639 2279 Apelles
653 2201 818 2259 inchoatam
833 2200 1010 2277 reliquisset,

214 2299 374 2358 absolveret
386 2299 459 2377 (oris
472 2301 548 2357 enim
562 2296 749 2374 pulchritudo
759 2297 863 2372 reliqui
878 2299 1012 2374 corporis

214 2397 346 2469 imitandi
367 2416 447 2473 spem
466 2396 646 2473 auferebat);
667 2394 710 2451 sio
725 2413 769 2466 ea,
784 2414 847 2470 quae
862 2395 1011 2453 Panaetius

212 2495 451 2571 pretermisisset,
463 2504 492 2550 et
507 2511 567 2550 non
577 2491 756 2567 perfecisset,
767 2502 884 2569 propter
895 2510 1010 2565 eorum,

213 2609 277 2666 quae
290 2588 470 2667 perfecisset,
484 2587 690 2664 prostantium,
705 2588 851 2645 neminem
867 2607 932 2645 esse
946 2607 1012 2664 per·

168 2702 200 2753 25
214 2699 354 2746 secutum.

255 2883 312 2944 ΙΙΙ.
332 2883 531 2946 Quamobrem
553 2881 590 2938 de
607 2880 720 2959 judicio
739 2878 861 2938 Panaetii
881 2876 1010 2939 dubrtari
