2200 3492
177 199 218 273 ao
491 221 535 267 ou
557 220 710 269 ort-*rcus
941 219 982 283 [n
997 219 1017 266 t.

220 369 307 447 hique
332 370 506 428 arbitrantur
530 389 562 428 se
587 371 734 430 beneficos
757 371 788 428 in
812 388 879 428 suos
904 368 1017 425 amicos

220 466 312 524 visum
332 466 377 539 iri,
391 466 416 524 ei
435 466 614 543 locupletent
627 486 676 526 eoa
690 468 871 544 quicumque
892 464 1014 523 ratione.

220 561 255 620 Id
280 573 375 620 autern
399 573 511 621 tantum
537 564 618 621 abest
639 564 744 636 officio,
768 573 801 620 ut
825 562 895 621 nihil
919 561 1016 638 magis

220 659 318 717 officio
343 659 433 736 possit
460 678 524 716 esse
550 661 736 718 eontrarium.
777 658 947 717 Videndum
968 668 1014 714 est

191 766 207 814 5
220 757 318 833 igitur,
334 768 364 813 ut
378 756 413 812 eit
426 755 599 815 liberalitate
620 767 744 829 utamur,
758 775 821 833 quae
834 755 926 832 prosit
941 754 1012 811 arni·

220 853 272 924 eis,
288 862 394 909 noceat
414 853 533 911 nemini.
574 853 677 914 Quare
692 852 725 910 L.
740 851 840 923 Sulla,
854 862 883 908 et
897 850 932 907 C.
948 850 1013 908 Cae·

219 949 301 1020 saris,
316 948 503 1025 pecuniarum
524 949 674 1007 translatio
695 969 712 1007 a
728 948 814 1026 justis
834 947 958 1006 dominis
974 947 1011 1004 ad

220 1044 330 1102 alienos
343 1064 400 1103 nou
415 1045 501 1103 debet
510 1046 639 1103 liberalis
649 1045 748 1104 videri.
782 1045 865 1103 Nihil
877 1055 920 1102 est
931 1044 1010 1101 enirn

218 1141 347 1214 liberale,
362 1142 438 1219 quod
452 1161 512 1199 non
527 1142 604 1199 idem
615 1141 733 1219 justum.

175 1250 205 1300 10
258 1239 341 1297 Alter
355 1249 416 1296 erat
430 1238 512 1296 loeus
526 1238 680 1310 cautionis,
689 1257 727 1296 ne
738 1237 903 1316 benignitas
917 1237 1009 1314 major

218 1345 304 1406 esset,
326 1344 415 1411 quarn
439 1333 608 1392 facultates:
637 1333 724 1410 quod,
746 1333 795 1409 qui
823 1333 1009 1410 benigniores

218 1430 317 1488 volunt
330 1449 393 1488 esse
409 1448 495 1506 quarn
515 1435 562 1488 re's
579 1429 697 1506 patitur,
710 1429 833 1507 primurn
848 1429 877 1487 in
893 1448 929 1486 eo
943 1448 1009 1506 pee-

218 1535 296 1598 eaut,
321 1527 395 1603 quod
424 1526 555 1605 injuriosi
578 1537 645 1584 suut
673 1527 702 1584 iu
729 1525 884 1602 proximos*
922 1525 1008 1586 Quas

217 1623 296 1680 enirn
311 1623 408 1700 copias
428 1624 473 1681 his
493 1634 522 1681 et
542 1622 719 1700 suppeditari
740 1622 850 1699 aequius
865 1633 908 1679 est
922 1632 952 1679 et
965 1641 1008 1679 re-

174 1738 204 1786 15
216 1719 318 1795 linqui,
333 1740 382 1778 eas
403 1721 580 1778 transferunt
601 1720 636 1778 ad
657 1719 773 1778 alienos.
815 1719 896 1777 Inest
911 1730 1006 1778 autern

216 1814 247 1871 in
268 1815 319 1872 tali
333 1815 504 1873 liberalitate
526 1815 669 1891 cupiditas
689 1816 856 1892 plerumque
876 1816 1007 1892 rapiendi

215 1920 245 1968 et
260 1910 409 1967 auferendi
427 1930 479 1987 per
493 1911 637 1988 injuriam,
651 1922 684 1969 ut
698 1912 734 1968 ad
748 1912 928 1989 largiendum
943 1933 1007 1989 sup-

214 2016 315 2083 petant
325 2006 425 2084 eopia.
459 2007 568 2066 Videre
582 2007 669 2065 etiarn
683 2009 753 2066 licet
765 2009 916 2085 plerosque
932 2008 1006 2085 (non

214 2094 273 2160 tarn
294 2103 396 2161 natura
409 2104 553 2176 liberales,
569 2124 654 2181 quam
677 2104 801 2180 quidam
823 2105 914 2182 gloriti
936 2107 1007 2164 due·

171 2216 202 2266 m
215 2200 285 2278 tos),
306 2209 338 2257 ut
365 2200 495 2258 benefici.
508 2200 668 2273 videantur,
691 2201 787 2259 faeere
813 2201 912 2273 multa,
941 2223 1005 2277 quae

213 2295 358 2372 proficisci
375 2297 410 2354 ab
420 2298 613 2355 ostentatione
627 2298 719 2374 magis
730 2316 815 2371 quarn
830 2299 1006 2357 avoluntate

214 2392 373 2450 videantur.
415 2392 498 2450 Talis
527 2404 621 2451 autem
651 2375 796 2451 simulatio
817 2394 936 2451 vanitati
961 2407 1006 2454 est

215 2489 408 2566 conjunctior,
424 2508 508 2564 quaro
525 2503 575 2548 aut
594 2488 760 2549 liberalitati
779 2500 829 2547 aut
849 2476 1003 2551 lionestati.

253 2585 386 2644 Tertium
412 2596 455 2643 est
481 2585 669 2661 propositum,
692 2595 724 2643 ut
751 2585 781 2644 in
809 2587 1003 2648 beneficentia

169 2702 201 2751 25
214 2680 343 2741 delentus
363 2691 438 2740 esset
457 2681 624 2759 dignitatis:
646 2682 677 2739 iu
697 2702 756 2759 quo
775 2693 805 2740 et
824 2702 920 2742 mores
940 2686 1003 2762 ejus

214 2789 298 2837 erunt
312 2779 472 2856 spectandi,
488 2779 518 2836 in
534 2798 620 2854 quern
635 2779 810 2838 beneficium
825 2782 1001 2854 conseretur,

212 2886 242 2934 et
263 2876 374 2934 animus
394 2894 464 2954 erga
483 2894 548 2947 uos,
568 2886 598 2933 et
619 2876 810 2935 communitas
825 2878 1002 2937 ac‘mcietas

212 2974 287 3048 vitae,
302 2983 331 3033 et
345 2974 380 3033 ad
401 2984 512 3033 nostras
531 2973 671 3032 utilitates
690 2973 784 3032 officia
797 2981 863 3031 ante
878 2973 999 3033 eollata:
