<?xml version="1.0" encoding="UTF-8"?>
<!DOCTYPE html PUBLIC "-//W3C//DTD XHTML 1.0 Transitional//EN"
    "http://www.w3.org/TR/xhtml1/DTD/xhtml1-transitional.dtd">
<html xmlns="http://www.w3.org/1999/xhtml" xml:lang="en" lang="en">
 <head>
  <title>
</title>
<meta http-equiv="Content-Type" content="text/html;charset=utf-8" />
  <meta name='ocr-system' content='tesseract 3.04.00' />
  <meta name='ocr-capabilities' content='ocr_page ocr_carea ocr_par ocr_line ocrx_word'/>
</head>
<body>
  <div class='ocr_page' id='page_1' title='image "./mtciceronisdeof04cicegoog/mtciceronisdeof04cicegoog_0056.png"; bbox 0 0 2200 3492; ppageno 0'>
   <div class='ocr_carea' id='block_1_1' title="bbox 176 197 1019 269">
    <p class='ocr_par' dir='ltr' id='par_1_1' title="bbox 176 197 1019 269">
     <span class='ocr_line' id='line_1_1' title="bbox 176 197 1019 269; baseline -0.004 -10"><span class='ocrx_word' id='word_1_1' title='bbox 176 197 219 259; x_wconf 79' lang='lat' dir='ltr'><strong>ro</strong></span> <span class='ocrx_word' id='word_1_2' title='bbox 501 208 545 256; x_wconf 84' lang='lat' dir='ltr'><strong>nn</strong></span> <span class='ocrx_word' id='word_1_3' title='bbox 567 206 714 256; x_wconf 75' lang='lat' dir='ltr'><strong>osricus.</strong></span> <span class='ocrx_word' id='word_1_4' title='bbox 939 209 986 269; x_wconf 79' lang='lat' dir='ltr'><strong>[n.</strong></span> <span class='ocrx_word' id='word_1_5' title='bbox 996 207 1019 256; x_wconf 91' lang='lat'><strong>1.</strong></span> 
     </span>
    </p>
   </div>
   <div class='ocr_carea' id='block_1_2' title="bbox 176 355 1089 1501">
    <p class='ocr_par' dir='ltr' id='par_1_2' title="bbox 222 355 1022 725">
     <span class='ocr_line' id='line_1_2' title="bbox 224 355 1022 437; baseline 0 -20"><span class='ocrx_word' id='word_1_6' title='bbox 224 357 275 437; x_wconf 90' lang='lat' dir='ltr'><strong>qni</strong></span> <span class='ocrx_word' id='word_1_7' title='bbox 295 357 416 430; x_wconf 79' lang='lat' dir='ltr'><strong>fuciunt,</strong></span> <span class='ocrx_word' id='word_1_8' title='bbox 430 358 481 416; x_wconf 84' lang='lat' dir='ltr'><strong>sed</strong></span> <span class='ocrx_word' id='word_1_9' title='bbox 498 356 548 435; x_wconf 91' lang='lat' dir='ltr'><strong>qui</strong></span> <span class='ocrx_word' id='word_1_10' title='bbox 561 357 737 434; x_wconf 77' lang='lat' dir='ltr'><strong>propulsant,</strong></span> <span class='ocrx_word' id='word_1_11' title='bbox 752 356 897 435; x_wconf 78' lang='lat' dir='ltr'><strong>injuriam.</strong></span> <span class='ocrx_word' id='word_1_12' title='bbox 938 355 1022 417; x_wconf 78' lang='lat' dir='ltr'><strong>Vera</strong></span> 
     </span>
     <span class='ocr_line' id='line_1_3' title="bbox 224 454 1020 532; baseline -0.004 -16"><span class='ocrx_word' id='word_1_13' title='bbox 224 465 321 517; x_wconf 80' lang='lat' dir='ltr'><strong>antem</strong></span> <span class='ocrx_word' id='word_1_14' title='bbox 350 464 380 513; x_wconf 87' lang='lat' dir='ltr'><strong>et</strong></span> <span class='ocrx_word' id='word_1_15' title='bbox 407 455 521 532; x_wconf 84' lang='lat' dir='ltr'><strong>sapiens</strong></span> <span class='ocrx_word' id='word_1_16' title='bbox 548 454 640 512; x_wconf 85' lang='lat' dir='ltr'><strong>animi</strong></span> <span class='ocrx_word' id='word_1_17' title='bbox 666 454 836 532; x_wconf 81' lang='lat' dir='ltr'><strong>magnitudo</strong></span> <span class='ocrx_word' id='word_1_18' title='bbox 863 454 1020 514; x_wconf 88' lang='lat' dir='ltr'><strong>honestum</strong></span> 
     </span>
     <span class='ocr_line' id='line_1_4' title="bbox 224 551 1021 627; baseline 0 -17"><span class='ocrx_word' id='word_1_19' title='bbox 224 551 306 623; x_wconf 90' lang='lat' dir='ltr'><strong>illud,</strong></span> <span class='ocrx_word' id='word_1_20' title='bbox 331 552 408 626; x_wconf 90' lang='lat' dir='ltr'><strong>quod</strong></span> <span class='ocrx_word' id='word_1_21' title='bbox 432 551 557 615; x_wconf 81' lang='lat' dir='ltr'><strong>maxime</strong></span> <span class='ocrx_word' id='word_1_22' title='bbox 580 562 685 610; x_wconf 86' lang='lat' dir='ltr'><strong>natura</strong></span> <span class='ocrx_word' id='word_1_23' title='bbox 711 552 849 627; x_wconf 85' lang='lat' dir='ltr'><strong>sequitur,</strong></span> <span class='ocrx_word' id='word_1_24' title='bbox 874 551 905 609; x_wconf 92' lang='lat' dir='ltr'><strong>in</strong></span> <span class='ocrx_word' id='word_1_25' title='bbox 932 551 1021 611; x_wconf 82' lang='lat' dir='ltr'><strong>lactis</strong></span> 
     </span>
     <span class='ocr_line' id='line_1_5' title="bbox 222 647 1020 725; baseline 0.003 -20"><span class='ocrx_word' id='word_1_26' title='bbox 222 648 358 725; x_wconf 89' lang='lat' dir='ltr'><strong>positum,</strong></span> <span class='ocrx_word' id='word_1_27' title='bbox 373 666 431 706; x_wconf 90' lang='lat' dir='ltr'><strong>non</strong></span> <span class='ocrx_word' id='word_1_28' title='bbox 446 648 475 705; x_wconf 91' lang='lat' dir='ltr'><strong>in</strong></span> <span class='ocrx_word' id='word_1_29' title='bbox 490 647 592 725; x_wconf 71' lang='lat' dir='ltr'><strong>gloriis,</strong></span> <span class='ocrx_word' id='word_1_30' title='bbox 601 647 732 724; x_wconf 80' lang='lat' dir='ltr'><strong>judicat:</strong></span> <span class='ocrx_word' id='word_1_31' title='bbox 752 647 972 725; x_wconf 81' lang='lat' dir='ltr'>principemque</span> <span class='ocrx_word' id='word_1_32' title='bbox 986 667 1020 707; x_wconf 87' lang='lat' dir='ltr'><strong>se</strong></span> 
     </span>
    </p>

    <p class='ocr_par' dir='ltr' id='par_1_3' title="bbox 192 743 1089 1210">
     <span class='ocr_line' id='line_1_6' title="bbox 192 743 1020 821; baseline 0.002 -19"><span class='ocrx_word' id='word_1_33' title='bbox 192 760 209 809; x_wconf 84' lang='lat'><strong>5</strong></span> <span class='ocrx_word' id='word_1_34' title='bbox 224 763 287 803; x_wconf 87' lang='lat' dir='ltr'><strong>esse</strong></span> <span class='ocrx_word' id='word_1_35' title='bbox 301 743 418 816; x_wconf 80' lang='lat' dir='ltr'><strong>mavult,</strong></span> <span class='ocrx_word' id='word_1_36' title='bbox 433 762 519 820; x_wconf 82' lang='lat' dir='ltr'><strong>quum</strong></span> <span class='ocrx_word' id='word_1_37' title='bbox 533 744 633 803; x_wconf 85' lang='lat' dir='ltr'><strong>videri.</strong></span> <span class='ocrx_word' id='word_1_38' title='bbox 674 744 802 816; x_wconf 85' lang='lat' dir='ltr'><strong>Etenim,</strong></span> <span class='ocrx_word' id='word_1_39' title='bbox 814 745 909 821; x_wconf 82' lang='lat' dir='ltr'><strong>quiex</strong></span> <span class='ocrx_word' id='word_1_40' title='bbox 920 764 1020 804; x_wconf 88' lang='lat' dir='ltr'><strong>errore</strong></span> 
     </span>
     <span class='ocr_line' id='line_1_7' title="bbox 223 840 1089 918; baseline 0.001 -19"><span class='ocrx_word' id='word_1_41' title='bbox 223 842 364 918; x_wconf 84' lang='lat' dir='ltr'><strong>imperitae</strong></span> <span class='ocrx_word' id='word_1_42' title='bbox 378 840 572 900; x_wconf 80' lang='lat' dir='ltr'><strong>multitudinis</strong></span> <span class='ocrx_word' id='word_1_43' title='bbox 584 841 702 917; x_wconf 83' lang='lat' dir='ltr'><strong>pendet,</strong></span> <span class='ocrx_word' id='word_1_44' title='bbox 713 841 762 899; x_wconf 84' lang='lat' dir='ltr'><strong>hie</strong></span> <span class='ocrx_word' id='word_1_45' title='bbox 777 841 807 898; x_wconf 91' lang='lat' dir='ltr'><strong>in</strong></span> <span class='ocrx_word' id='word_1_46' title='bbox 821 841 935 918; x_wconf 84' lang='lat' dir='ltr'><strong>magnis</strong></span> <span class='ocrx_word' id='word_1_47' title='bbox 948 841 1021 900; x_wconf 83' lang='lat' dir='ltr'><strong>viris</strong></span> <span class='ocrx_word' id='word_1_48' title='bbox 1083 854 1089 869; x_wconf 95' lang='lat'>&#39;</span> 
     </span>
     <span class='ocr_line' id='line_1_8' title="bbox 223 937 1020 999; baseline 0 -3"><span class='ocrx_word' id='word_1_49' title='bbox 223 957 281 997; x_wconf 89' lang='lat' dir='ltr'><strong>non</strong></span> <span class='ocrx_word' id='word_1_50' title='bbox 302 948 346 997; x_wconf 86' lang='lat' dir='ltr'><strong>est</strong></span> <span class='ocrx_word' id='word_1_51' title='bbox 365 937 524 999; x_wconf 78' lang='lat' dir='ltr'><strong>habendus.</strong></span> <span class='ocrx_word' id='word_1_52' title='bbox 567 938 719 996; x_wconf 82' lang='lat' dir='ltr'><strong>Facillime</strong></span> <span class='ocrx_word' id='word_1_53' title='bbox 741 947 837 996; x_wconf 84' lang='lat' dir='ltr'><strong>autem</strong></span> <span class='ocrx_word' id='word_1_54' title='bbox 859 937 895 995; x_wconf 89' lang='lat' dir='ltr'><strong>ad</strong></span> <span class='ocrx_word' id='word_1_55' title='bbox 915 956 962 997; x_wconf 85' lang='lat' dir='ltr'><strong>res</strong></span> <span class='ocrx_word' id='word_1_56' title='bbox 976 939 1020 996; x_wconf 90' lang='lat' dir='ltr'><strong>iu-</strong></span> 
     </span>
     <span class='ocr_line' id='line_1_9' title="bbox 220 1033 1019 1112; baseline 0.003 -20"><span class='ocrx_word' id='word_1_57' title='bbox 220 1035 313 1112; x_wconf 74' lang='lat' dir='ltr'><strong>justas</strong></span> <span class='ocrx_word' id='word_1_58' title='bbox 328 1035 494 1112; x_wconf 85' lang='lat' dir='ltr'><strong>impellitur,</strong></span> <span class='ocrx_word' id='word_1_59' title='bbox 510 1044 541 1092; x_wconf 92' lang='lat' dir='ltr'><strong>ut</strong></span> <span class='ocrx_word' id='word_1_60' title='bbox 561 1034 683 1110; x_wconf 91' lang='lat' dir='ltr'><strong>quisque</strong></span> <span class='ocrx_word' id='word_1_61' title='bbox 696 1043 741 1095; x_wconf 87' lang='lat' dir='ltr'><strong>est</strong></span> <span class='ocrx_word' id='word_1_62' title='bbox 755 1033 895 1092; x_wconf 87' lang='lat' dir='ltr'><strong>altissimo</strong></span> <span class='ocrx_word' id='word_1_63' title='bbox 910 1034 1019 1107; x_wconf 86' lang='lat' dir='ltr'><strong>animo,</strong></span> 
     </span>
     <span class='ocr_line' id='line_1_10' title="bbox 223 1131 1019 1210; baseline -0.001 -20"><span class='ocrx_word' id='word_1_64' title='bbox 223 1142 253 1190; x_wconf 89' lang='lat' dir='ltr'><strong>et</strong></span> <span class='ocrx_word' id='word_1_65' title='bbox 266 1132 366 1210; x_wconf 74' lang='lat' dir='ltr'><strong>gloriae</strong></span> <span class='ocrx_word' id='word_1_66' title='bbox 381 1132 496 1208; x_wconf 86' lang='lat' dir='ltr'><strong>cupido.</strong></span> <span class='ocrx_word' id='word_1_67' title='bbox 537 1131 602 1192; x_wconf 81' lang='lat' dir='ltr'><strong>Qui</strong></span> <span class='ocrx_word' id='word_1_68' title='bbox 621 1131 705 1192; x_wconf 82' lang='lat' dir='ltr'><strong>locus</strong></span> <span class='ocrx_word' id='word_1_69' title='bbox 725 1140 770 1188; x_wconf 83' lang='lat' dir='ltr'><strong>est</strong></span> <span class='ocrx_word' id='word_1_70' title='bbox 789 1149 859 1188; x_wconf 85' lang='lat' dir='ltr'><strong>sane</strong></span> <span class='ocrx_word' id='word_1_71' title='bbox 877 1131 1019 1200; x_wconf 83' lang='lat' dir='ltr'><strong>lubricus,</strong></span> 
     </span>
    </p>

    <p class='ocr_par' dir='ltr' id='par_1_4' title="bbox 176 1227 1020 1501">
     <span class='ocr_line' id='line_1_11' title="bbox 176 1227 1020 1305; baseline 0.002 -20"><span class='ocrx_word' id='word_1_72' title='bbox 176 1246 208 1298; x_wconf 85' lang='lat'><strong>10</strong></span> <span class='ocrx_word' id='word_1_73' title='bbox 223 1229 300 1305; x_wconf 91' lang='lat' dir='ltr'><strong>quod</strong></span> <span class='ocrx_word' id='word_1_74' title='bbox 315 1229 363 1286; x_wconf 83' lang='lat' dir='ltr'><strong>vix</strong></span> <span class='ocrx_word' id='word_1_75' title='bbox 375 1229 529 1301; x_wconf 86' lang='lat' dir='ltr'><strong>invenitur,</strong></span> <span class='ocrx_word' id='word_1_76' title='bbox 545 1228 605 1304; x_wconf 92' lang='lat' dir='ltr'><strong>qui,</strong></span> <span class='ocrx_word' id='word_1_77' title='bbox 620 1227 767 1287; x_wconf 82' lang='lat' dir='ltr'><strong>laboribus</strong></span> <span class='ocrx_word' id='word_1_78' title='bbox 781 1228 933 1305; x_wconf 81' lang='lat' dir='ltr'><strong>susceptis,</strong></span> <span class='ocrx_word' id='word_1_79' title='bbox 943 1229 1020 1305; x_wconf 88' lang='lat' dir='ltr'><strong>peri·</strong></span> 
     </span>
     <span class='ocr_line' id='line_1_12' title="bbox 224 1324 1019 1404; baseline 0 -20"><span class='ocrx_word' id='word_1_80' title='bbox 224 1324 356 1402; x_wconf 79' lang='lat' dir='ltr'><strong>oulisqus</strong></span> <span class='ocrx_word' id='word_1_81' title='bbox 377 1325 472 1398; x_wconf 87' lang='lat' dir='ltr'><strong>aditis,</strong></span> <span class='ocrx_word' id='word_1_82' title='bbox 486 1345 555 1397; x_wconf 90' lang='lat' dir='ltr'><strong>non,</strong></span> <span class='ocrx_word' id='word_1_83' title='bbox 569 1324 652 1402; x_wconf 82' lang='lat' dir='ltr'><strong>quasi</strong></span> <span class='ocrx_word' id='word_1_84' title='bbox 665 1324 830 1385; x_wconf 80' lang='lat' dir='ltr'><strong>mercedem</strong></span> <span class='ocrx_word' id='word_1_85' title='bbox 844 1343 941 1382; x_wconf 87' lang='lat' dir='ltr'><strong>rerum</strong></span> <span class='ocrx_word' id='word_1_86' title='bbox 954 1344 1019 1404; x_wconf 81' lang='lat' dir='ltr'><strong>ges·</strong></span> 
     </span>
     <span class='ocr_line' id='line_1_13' title="bbox 223 1422 630 1501; baseline -0.002 -20"><span class='ocrx_word' id='word_1_87' title='bbox 223 1433 327 1495; x_wconf 83' lang='lat' dir='ltr'><strong>tarum,</strong></span> <span class='ocrx_word' id='word_1_88' title='bbox 343 1422 488 1482; x_wconf 84' lang='lat' dir='ltr'><strong>desideret</strong></span> <span class='ocrx_word' id='word_1_89' title='bbox 501 1423 630 1501; x_wconf 84' lang='lat' dir='ltr'><strong>glorium.</strong></span> 
     </span>
    </p>
   </div>
   <div class='ocr_carea' id='block_1_3' title="bbox 263 1590 1020 1695">
    <p class='ocr_par' dir='ltr' id='par_1_5' title="bbox 263 1590 1020 1695">
     <span class='ocr_line' id='line_1_14' title="bbox 263 1590 1020 1695; baseline 0.005 -18"><span class='ocrx_word' id='word_1_90' title='bbox 263 1617 335 1677; x_wconf 90' lang='lat' dir='ltr'><strong>XX.</strong></span> <span class='ocrx_word' id='word_1_91' title='bbox 343 1590 487 1676; x_wconf 51' lang='lat' dir='ltr'><strong>”Omnino</strong></span> <span class='ocrx_word' id='word_1_92' title='bbox 498 1618 579 1676; x_wconf 82' lang='lat' dir='ltr'><strong>sortis</strong></span> <span class='ocrx_word' id='word_1_93' title='bbox 590 1617 713 1690; x_wconf 87' lang='lat' dir='ltr'><strong>animus,</strong></span> <span class='ocrx_word' id='word_1_94' title='bbox 724 1628 754 1675; x_wconf 93' lang='lat' dir='ltr'><strong>et</strong></span> <span class='ocrx_word' id='word_1_95' title='bbox 764 1636 896 1695; x_wconf 82' lang='lat' dir='ltr'><strong>magnus,</strong></span> <span class='ocrx_word' id='word_1_96' title='bbox 905 1618 1020 1681; x_wconf 81' lang='lat' dir='ltr'><strong>duabus</strong></span> 
     </span>
    </p>
   </div>
   <div class='ocr_carea' id='block_1_4' title="bbox 159 1714 1090 3051">
    <p class='ocr_par' dir='ltr' id='par_1_6' title="bbox 159 1714 1090 3107">
     <span class='ocr_line' id='line_1_15' title="bbox 214 1714 1019 1791; baseline 0 -18"><span class='ocrx_word' id='word_1_97' title='bbox 214 1715 457 1775; x_wconf 69' lang='lat' dir='ltr'><strong>nebus-maxime</strong></span> <span class='ocrx_word' id='word_1_98' title='bbox 479 1715 625 1786; x_wconf 57' lang='lat' dir='ltr'><strong>seruitum</strong></span> <span class='ocrx_word' id='word_1_99' title='bbox 647 1734 768 1791; x_wconf 87' lang='lat' dir='ltr'><strong>quarum</strong></span> <span class='ocrx_word' id='word_1_100' title='bbox 790 1733 849 1773; x_wconf 83' lang='lat' dir='ltr'><strong>une</strong></span> <span class='ocrx_word' id='word_1_101' title='bbox 869 1714 900 1773; x_wconf 92' lang='lat' dir='ltr'><strong>in</strong></span> <span class='ocrx_word' id='word_1_102' title='bbox 921 1733 1019 1791; x_wconf 72' lang='lat' dir='ltr'><strong>rerum</strong></span> 
     </span>
     <span class='ocr_line' id='line_1_16' title="bbox 177 1811 1018 1888; baseline 0 -18"><span class='ocrx_word' id='word_1_103' title='bbox 177 1824 209 1875; x_wconf 84' lang='lat'><strong>15</strong></span> <span class='ocrx_word' id='word_1_104' title='bbox 224 1821 407 1871; x_wconf 84' lang='lat' dir='ltr'><strong>externarum</strong></span> <span class='ocrx_word' id='word_1_105' title='bbox 422 1811 613 1888; x_wconf 74' lang='lat' dir='ltr'><strong>despicientis</strong></span> <span class='ocrx_word' id='word_1_106' title='bbox 625 1811 753 1887; x_wconf 87' lang='lat' dir='ltr'><strong>ponitur,</strong></span> <span class='ocrx_word' id='word_1_107' title='bbox 768 1830 836 1870; x_wconf 88' lang='lat' dir='ltr'><strong>oum</strong></span> <span class='ocrx_word' id='word_1_108' title='bbox 848 1829 1018 1888; x_wconf 77' lang='lat' dir='ltr'><strong>persuasum</strong></span> 
     </span>
     <span class='ocr_line' id='line_1_17' title="bbox 223 1906 1020 1983; baseline 0.001 -17"><span class='ocrx_word' id='word_1_109' title='bbox 223 1906 358 1981; x_wconf 85' lang='lat' dir='ltr'><strong>sit,nihil</strong></span> <span class='ocrx_word' id='word_1_110' title='bbox 374 1907 531 1980; x_wconf 87' lang='lat' dir='ltr'><strong>hominem,</strong></span> <span class='ocrx_word' id='word_1_111' title='bbox 543 1907 600 1965; x_wconf 88' lang='lat' dir='ltr'><strong>nisi</strong></span> <span class='ocrx_word' id='word_1_112' title='bbox 614 1908 690 1983; x_wconf 90' lang='lat' dir='ltr'><strong>quod</strong></span> <span class='ocrx_word' id='word_1_113' title='bbox 701 1908 854 1967; x_wconf 86' lang='lat' dir='ltr'><strong>honestum</strong></span> <span class='ocrx_word' id='word_1_114' title='bbox 869 1910 1020 1969; x_wconf 76' lang='lat' dir='ltr'><strong>decorum-</strong></span> 
     </span>
     <span class='ocr_line' id='line_1_18' title="bbox 223 2004 1019 2082; baseline 0 -19"><span class='ocrx_word' id='word_1_115' title='bbox 223 2023 280 2081; x_wconf 88' lang='lat' dir='ltr'><strong>que</strong></span> <span class='ocrx_word' id='word_1_116' title='bbox 304 2004 351 2077; x_wconf 89' lang='lat' dir='ltr'><strong>sit,</strong></span> <span class='ocrx_word' id='word_1_117' title='bbox 376 2014 425 2062; x_wconf 83' lang='lat' dir='ltr'><strong>aut</strong></span> <span class='ocrx_word' id='word_1_118' title='bbox 448 2004 595 2076; x_wconf 80' lang='lat' dir='ltr'><strong>admirari,</strong></span> <span class='ocrx_word' id='word_1_119' title='bbox 616 2015 665 2063; x_wconf 84' lang='lat' dir='ltr'><strong>sut</strong></span> <span class='ocrx_word' id='word_1_120' title='bbox 688 2014 798 2082; x_wconf 82' lang='lat' dir='ltr'><strong>optare,</strong></span> <span class='ocrx_word' id='word_1_121' title='bbox 813 2016 862 2067; x_wconf 84' lang='lat' dir='ltr'><strong>sut</strong></span> <span class='ocrx_word' id='word_1_122' title='bbox 883 2016 1019 2082; x_wconf 85' lang='lat' dir='ltr'><strong>expetere</strong></span> 
     </span>
     <span class='ocr_line' id='line_1_19' title="bbox 224 2101 1019 2180; baseline 0.004 -22"><span class='ocrx_word' id='word_1_123' title='bbox 224 2110 375 2178; x_wconf 87' lang='lat' dir='ltr'><strong>oportere;</strong></span> <span class='ocrx_word' id='word_1_124' title='bbox 396 2101 525 2177; x_wconf 85' lang='lat' dir='ltr'><strong>nullique</strong></span> <span class='ocrx_word' id='word_1_125' title='bbox 545 2120 641 2177; x_wconf 88' lang='lat' dir='ltr'><strong>neque</strong></span> <span class='ocrx_word' id='word_1_126' title='bbox 661 2102 782 2175; x_wconf 90' lang='lat' dir='ltr'><strong>homini,</strong></span> <span class='ocrx_word' id='word_1_127' title='bbox 796 2121 891 2179; x_wconf 86' lang='lat' dir='ltr'><strong>neque</strong></span> <span class='ocrx_word' id='word_1_128' title='bbox 908 2114 1019 2180; x_wconf 84' lang='lat' dir='ltr'><strong>pertur-</strong></span> 
     </span>
     <span class='ocr_line' id='line_1_20' title="bbox 194 2193 1020 2266; baseline 0.002 -14"><span class='ocrx_word' id='word_1_129' title='bbox 194 2216 196 2225; x_wconf 66' lang='grc'>’</span> <span class='ocrx_word' id='word_1_130' title='bbox 224 2193 335 2252; x_wconf 82' lang='lat' dir='ltr'><strong>bationi</strong></span> <span class='ocrx_word' id='word_1_131' title='bbox 349 2193 449 2266; x_wconf 80' lang='lat' dir='ltr'><strong>enimi,</strong></span> <span class='ocrx_word' id='word_1_132' title='bbox 464 2212 520 2251; x_wconf 85' lang='lat' dir='ltr'><strong>neo</strong></span> <span class='ocrx_word' id='word_1_133' title='bbox 534 2193 666 2266; x_wconf 77' lang='lat' dir='ltr'><strong>fortune,</strong></span> <span class='ocrx_word' id='word_1_134' title='bbox 680 2195 879 2255; x_wconf 78' lang='lat' dir='ltr'><strong>succumbere.</strong></span> <span class='ocrx_word' id='word_1_135' title='bbox 915 2195 1020 2254; x_wconf 87' lang='lat' dir='ltr'><strong>Altera</strong></span> 
     </span>
     <span class='ocr_line' id='line_1_21' title="bbox 176 2290 1020 2370; baseline 0.001 -20"><span class='ocrx_word' id='word_1_136' title='bbox 176 2304 208 2356; x_wconf 73' lang='lat'><strong>20</strong></span> <span class='ocrx_word' id='word_1_137' title='bbox 224 2300 269 2353; x_wconf 84' lang='lat' dir='ltr'><strong>est</strong></span> <span class='ocrx_word' id='word_1_138' title='bbox 282 2310 338 2365; x_wconf 87' lang='lat' dir='ltr'><strong>res,</strong></span> <span class='ocrx_word' id='word_1_139' title='bbox 353 2301 395 2363; x_wconf 92' lang='lat' dir='ltr'><strong>ut,</strong></span> <span class='ocrx_word' id='word_1_140' title='bbox 410 2310 477 2349; x_wconf 87' lang='lat' dir='ltr'><strong>oum</strong></span> <span class='ocrx_word' id='word_1_141' title='bbox 500 2290 541 2348; x_wconf 87' lang='lat' dir='ltr'><strong>ita</strong></span> <span class='ocrx_word' id='word_1_142' title='bbox 562 2291 601 2349; x_wconf 90' lang='lat' dir='ltr'><strong>sis</strong></span> <span class='ocrx_word' id='word_1_143' title='bbox 623 2292 744 2350; x_wconf 83' lang='lat' dir='ltr'><strong>effeetus</strong></span> <span class='ocrx_word' id='word_1_144' title='bbox 764 2292 870 2366; x_wconf 85' lang='lat' dir='ltr'><strong>animo,</strong></span> <span class='ocrx_word' id='word_1_145' title='bbox 885 2302 1020 2370; x_wconf 86' lang='lat' dir='ltr'><strong>utsupra</strong></span> 
     </span>
     <span class='ocr_line' id='line_1_22' title="bbox 223 2387 1018 2466; baseline 0.001 -20"><span class='ocrx_word' id='word_1_146' title='bbox 223 2387 294 2461; x_wconf 83' lang='lat' dir='ltr'><strong>dixi,</strong></span> <span class='ocrx_word' id='word_1_147' title='bbox 309 2406 463 2466; x_wconf 74' lang='lat' dir='ltr'><strong>resperas,</strong></span> <span class='ocrx_word' id='word_1_148' title='bbox 478 2405 599 2464; x_wconf 79' lang='lat' dir='ltr'><strong>magnos</strong></span> <span class='ocrx_word' id='word_1_149' title='bbox 618 2388 683 2445; x_wconf 85' lang='lat' dir='ltr'><strong>illas</strong></span> <span class='ocrx_word' id='word_1_150' title='bbox 703 2387 830 2464; x_wconf 89' lang='lat' dir='ltr'><strong>quidem,</strong></span> <span class='ocrx_word' id='word_1_151' title='bbox 844 2399 874 2447; x_wconf 90' lang='lat' dir='ltr'><strong>et</strong></span> <span class='ocrx_word' id='word_1_152' title='bbox 894 2390 1018 2449; x_wconf 84' lang='lat' dir='ltr'><strong>maxime</strong></span> 
     </span>
     <span class='ocr_line' id='line_1_23' title="bbox 222 2484 1018 2563; baseline 0.004 -21"><span class='ocrx_word' id='word_1_153' title='bbox 222 2484 319 2557; x_wconf 87' lang='lat' dir='ltr'><strong>utiles,</strong></span> <span class='ocrx_word' id='word_1_154' title='bbox 334 2485 385 2543; x_wconf 87' lang='lat' dir='ltr'><strong>sed</strong></span> <span class='ocrx_word' id='word_1_155' title='bbox 399 2494 429 2542; x_wconf 87' lang='lat' dir='ltr'><strong>et</strong></span> <span class='ocrx_word' id='word_1_156' title='bbox 442 2485 627 2563; x_wconf 85' lang='lat' dir='ltr'><strong>vehementer</strong></span> <span class='ocrx_word' id='word_1_157' title='bbox 642 2486 755 2558; x_wconf 76' lang='lat' dir='ltr'><strong>arduas,</strong></span> <span class='ocrx_word' id='word_1_158' title='bbox 768 2486 926 2563; x_wconf 83' lang='lat' dir='ltr'><strong>plenasque</strong></span> <span class='ocrx_word' id='word_1_159' title='bbox 939 2487 1018 2545; x_wconf 87' lang='lat' dir='ltr'><strong>labo·</strong></span> 
     </span>
     <span class='ocr_line' id='line_1_24' title="bbox 159 2580 1016 2658; baseline 0.004 -20"><span class='ocrx_word' id='word_1_160' title='bbox 159 2594 162 2603; x_wconf 93' lang='grc'><strong>’</strong></span> <span class='ocrx_word' id='word_1_161' title='bbox 223 2599 288 2639; x_wconf 86' lang='lat' dir='ltr'><strong>rum</strong></span> <span class='ocrx_word' id='word_1_162' title='bbox 311 2591 341 2639; x_wconf 92' lang='lat' dir='ltr'><strong>et</strong></span> <span class='ocrx_word' id='word_1_163' title='bbox 364 2580 571 2658; x_wconf 79' lang='lat' dir='ltr'><strong>periculorum,</strong></span> <span class='ocrx_word' id='word_1_164' title='bbox 596 2591 657 2639; x_wconf 91' lang='lat' dir='ltr'><strong>tum</strong></span> <span class='ocrx_word' id='word_1_165' title='bbox 681 2582 757 2655; x_wconf 76' lang='lat' dir='ltr'><strong>vitm,</strong></span> <span class='ocrx_word' id='word_1_166' title='bbox 779 2593 839 2640; x_wconf 90' lang='lat' dir='ltr'><strong>tum</strong></span> <span class='ocrx_word' id='word_1_167' title='bbox 862 2583 1016 2641; x_wconf 85' lang='lat' dir='ltr'><strong>multarum</strong></span> 
     </span>
     <span class='ocr_line' id='line_1_25' title="bbox 190 2677 864 2755; baseline 0.001 -19"><span class='ocrx_word' id='word_1_168' title='bbox 190 2723 193 2729; x_wconf 86' lang='lat'><em>.</em></span> <span class='ocrx_word' id='word_1_169' title='bbox 224 2677 345 2736; x_wconf 89' lang='lat' dir='ltr'><strong>aliarum</strong></span> <span class='ocrx_word' id='word_1_170' title='bbox 358 2697 465 2750; x_wconf 89' lang='lat' dir='ltr'><strong>rernm,</strong></span> <span class='ocrx_word' id='word_1_171' title='bbox 479 2697 543 2754; x_wconf 83' lang='lat' dir='ltr'><strong>quae</strong></span> <span class='ocrx_word' id='word_1_172' title='bbox 559 2678 595 2736; x_wconf 83' lang='lat' dir='ltr'><strong>od</strong></span> <span class='ocrx_word' id='word_1_173' title='bbox 609 2678 697 2737; x_wconf 83' lang='lat' dir='ltr'><strong>vitam</strong></span> <span class='ocrx_word' id='word_1_174' title='bbox 709 2680 864 2755; x_wconf 88' lang='lat' dir='ltr'><strong>pertinent.</strong></span> 
     </span>
     <span class='ocr_line' id='line_1_26' title="bbox 175 2773 1017 2853; baseline 0.004 -21"><span class='ocrx_word' id='word_1_175' title='bbox 175 2780 208 2832; x_wconf 75' lang='lat'><strong>25</strong></span> <span class='ocrx_word' id='word_1_176' title='bbox 235 2844 237 2849; x_wconf 11' lang='grc' dir='ltr'><em>Α</em></span> <span class='ocrx_word' id='word_1_177' title='bbox 262 2773 377 2833; x_wconf 88' lang='lat' dir='ltr'><strong>Harum</strong></span> <span class='ocrx_word' id='word_1_178' title='bbox 398 2794 494 2834; x_wconf 86' lang='lat' dir='ltr'><strong>rerum</strong></span> <span class='ocrx_word' id='word_1_179' title='bbox 515 2775 636 2834; x_wconf 83' lang='lat' dir='ltr'><strong>duarum</strong></span> <span class='ocrx_word' id='word_1_180' title='bbox 658 2776 794 2853; x_wconf 89' lang='lat' dir='ltr'><strong>splendor</strong></span> <span class='ocrx_word' id='word_1_181' title='bbox 808 2777 902 2833; x_wconf 86' lang='lat' dir='ltr'><strong>omnis</strong></span> <span class='ocrx_word' id='word_1_182' title='bbox 916 2788 945 2835; x_wconf 89' lang='lat' dir='ltr'><strong>et</strong></span> <span class='ocrx_word' id='word_1_183' title='bbox 960 2796 1017 2834; x_wconf 80' lang='lat' dir='ltr'><strong>um·</strong></span> 
     </span>
     <span class='ocr_line' id='line_1_27' title="bbox 223 2870 1090 2954; baseline 0.005 -23"><span class='ocrx_word' id='word_1_184' title='bbox 223 2872 335 2950; x_wconf 88' lang='lat' dir='ltr'><strong>plitudo</strong></span> <span class='ocrx_word' id='word_1_185' title='bbox 349 2871 439 2951; x_wconf 85' lang='lat' dir='ltr'><strong>(addo</strong></span> <span class='ocrx_word' id='word_1_186' title='bbox 453 2873 541 2931; x_wconf 84' lang='lat' dir='ltr'><strong>etiam</strong></span> <span class='ocrx_word' id='word_1_187' title='bbox 555 2874 724 2954; x_wconf 84' lang='lat' dir='ltr'><strong>utilitatem)</strong></span> <span class='ocrx_word' id='word_1_188' title='bbox 739 2874 769 2932; x_wconf 93' lang='lat' dir='ltr'><strong>in</strong></span> <span class='ocrx_word' id='word_1_189' title='bbox 782 2873 942 2949; x_wconf 85' lang='lat' dir='ltr'><strong>posteriore</strong></span> <span class='ocrx_word' id='word_1_190' title='bbox 956 2885 1017 2936; x_wconf 85' lang='lat' dir='ltr'><strong>est:</strong></span> <span class='ocrx_word' id='word_1_191' title='bbox 1089 2870 1090 2877; x_wconf 9' lang='grc' dir='ltr'>ἵ</span> 
     </span>
     <span class='ocr_line' id='line_1_28' title="bbox 225 2969 1016 3051; baseline 0.006 -21"><span class='ocrx_word' id='word_1_192' title='bbox 225 2989 315 3051; x_wconf 74' lang='lat' dir='ltr'><strong>pausa</strong></span> <span class='ocrx_word' id='word_1_193' title='bbox 329 2980 434 3041; x_wconf 84' lang='lat' dir='ltr'><strong>eutem,</strong></span> <span class='ocrx_word' id='word_1_194' title='bbox 450 2981 479 3029; x_wconf 92' lang='lat' dir='ltr'><strong>et</strong></span> <span class='ocrx_word' id='word_1_195' title='bbox 499 2970 573 3030; x_wconf 84' lang='lat' dir='ltr'><strong>ratio</strong></span> <span class='ocrx_word' id='word_1_196' title='bbox 588 2971 718 3032; x_wconf 85' lang='lat' dir='ltr'><strong>efficiens</strong></span> <span class='ocrx_word' id='word_1_197' title='bbox 737 2989 859 3049; x_wconf 85' lang='lat' dir='ltr'><strong>magnos</strong></span> <span class='ocrx_word' id='word_1_198' title='bbox 873 2969 958 3047; x_wconf 82' lang='lat' dir='ltr'><strong>viros,</strong></span> <span class='ocrx_word' id='word_1_199' title='bbox 974 2985 1016 3035; x_wconf 79' lang='lat' dir='ltr'><strong>est</strong></span> 
     </span>
    </p>
   </div>
   <div class='ocr_carea' id='block_1_5' title="bbox 0 0 1104 3492">
    <p class='ocr_par' dir='ltr' id='par_1_7' title="bbox 0 0 1104 3492">
     <span class='ocr_line' id='line_1_29' title="bbox 0 0 1104 3492; baseline 0 1"><span class='ocrx_word' id='word_1_200' title='bbox 0 0 1104 3492; x_wconf 95' lang='lat' dir='ltr'><strong> </strong></span> 
     </span>
    </p>
   </div>
  </div>
 </body>
</html>
