2200 3492
93 225 190 285 um]
386 227 429 275 ns
450 227 597 274 omens.
879 219 936 277 147

92 395 159 451 quae
178 375 326 435 laudanda
339 395 397 433 non
412 376 480 448 sint,
494 376 611 434 obeam
627 370 744 456 (orbdo)
759 394 889 448 causam,

93 473 172 548 quod
201 473 270 530 insit
297 474 326 531 in
355 473 400 530 bis
427 472 536 549 aliquid
570 473 663 549 probi,
690 473 766 548 quod
793 474 891 549 capiat

94 571 221 647 ignaros,
243 571 293 646 qui
321 570 418 642 iidem,
439 570 509 646 quid
529 571 560 631 in
581 570 755 646 uniquique
775 589 806 628 re
827 571 890 628 vitii

92 668 139 738 sit,
159 678 307 743 nequeant
324 667 464 744 judicare.
505 666 617 743 ltaque,
633 687 701 725 cum
721 677 789 726 sunt
808 668 889 726 docti

93 784 109 822 a
123 765 236 840 peritis,
252 764 338 822 facile
352 763 495 822 desistunt
510 783 527 821 a
540 764 693 822 sententia.
903 775 920 823 5

132 957 185 1016 IV.
212 954 287 1016 Haec
312 958 399 1036 igitur
423 958 529 1031 officia,
551 959 588 1016 de
611 959 716 1036 quibus
739 959 784 1018 bis
806 960 888 1018 libris

94 1055 273 1127 disserimus,
288 1055 369 1131 quasi
390 1055 519 1114 secunda
538 1056 669 1131 quadarn
688 1056 812 1115 honesta
824 1075 888 1114 esse

94 1152 206 1223 dicunt,
228 1171 287 1210 non
308 1151 469 1229 sapientbm
490 1153 579 1210 modo
601 1153 728 1230 propria,
748 1153 799 1211 sed
820 1172 888 1213 cum

93 1250 173 1307 omni
197 1250 347 1307 hominum
368 1268 475 1327 genere
496 1250 672 1309 communia
713 1250 816 1327 Itaque
843 1251 888 1309 his

15 1424 16 1427 Ἴ
93 1367 203 1417 omnes,
219 1347 250 1404 in
264 1348 367 1423 quibus
381 1358 424 1405 est
437 1347 550 1406 virtutis
569 1347 691 1419 indoles,
706 1366 889 1409 commoven-
904 1356 934 1405 1⁰

94 1455 146 1502 tur.
190 1442 258 1503 Nec
272 1463 349 1516 vero,
364 1464 431 1503 cum
445 1444 504 1503 duo
522 1444 620 1517 Decii,
636 1454 685 1502 aut
699 1444 756 1502 duo
777 1445 889 1520 Scipio-

94 1560 153 1613 nes,
177 1541 268 1599 sortes
288 1541 342 1599 viri
370 1551 645 1613 commemorantur,
668 1551 717 1599 aut
744 1560 812 1598 cum
833 1540 889 1599 Fa·
971 1548 979 1565 '

15 1660 17 1721 ]
94 1638 214 1710 bricius,
240 1637 421 1695 Aristidesve
445 1638 541 1715 justus
568 1637 745 1710 nominatur,
775 1649 824 1696 aut
852 1638 889 1696 ab

15 1728 17 1733 ‘
93 1735 157 1807 illis,
174 1735 363 1807 fortitudinis,
379 1746 428 1794 aut
450 1736 486 1793 ab
507 1735 562 1807 bis,
577 1735 705 1812 justitiae,
720 1745 857 1812 tanquam
872 1755 890 1795 a
939 1775 943 1781 -

16 1900 17 1903 Ἴ
90 1832 284 1909 sapientibus,
310 1832 418 1910 petitur
451 1833 625 1909 exemplum.
679 1831 776 1891 Nemo
809 1834 887 1892 anim
903 1839 933 1887 15

91 1930 196 1988 borum
224 1929 269 1989 sic
295 1931 410 2007 sapiens
436 1941 490 2007 est,
512 1941 544 1989 ut
570 1924 730 2007 sapientem
754 1931 888 1990 volumus

90 2027 233 2105 intelligi:
261 2047 318 2085 nec
346 2027 376 2100 ii,
399 2028 448 2104 qui
476 2029 621 2104 sapientes
648 2029 740 2088 babiti
767 2041 834 2088 sunt
857 2039 888 2088 et

89 2124 244 2196 nominati,
266 2122 309 2182 M.
331 2124 406 2183 Cato
426 2134 456 2182 et
476 2125 511 2183 C.
533 2124 650 2197 Laelius,
664 2126 809 2202 sapientes
827 2127 888 2184 fue·

16 2230 17 2265 3
90 2233 171 2292 runt;
194 2241 235 2279 ne
256 2221 298 2279 illi
318 2222 435 2297 quidem
450 2233 577 2298 septem:
599 2223 660 2294 sed,
674 2241 711 2280 ex
724 2223 886 2280 mediorum

16 2370 17 2401 ,
89 2320 253 2378 officiorum
289 2317 458 2395 frequentis,
486 2318 707 2377 similitudinem
741 2319 886 2395 quandam
900 2323 932 2372 20

15 2450 16 2489 p
89 2417 233 2493 gerebant
246 2414 431 2492 speciemque
445 2415 618 2492 sapientiam.
656 2454 657 2461 κ

124 2512 285 2575 Quocirca
310 2494 366 2570 nec
390 2511 430 2584 id,
452 2512 530 2588 quod
557 2531 624 2569 vere
651 2511 804 2570 honestum
831 2527 885 2586 est,

14 2626 15 2647 l
90 2609 129 2666 sas
152 2619 199 2667 est
229 2627 296 2669 cum
324 2609 457 2666 utilitatis
485 2608 678 2686 repugnantia
707 2612 885 2686 comparari3

91 2725 144 2764 nec
172 2706 202 2763 id
232 2705 359 2781 quidem,
387 2706 464 2782 quod
493 2706 685 2765 communiter
710 2708 887 2784 appellamus

91 2802 257 2874 honesturn,
271 2803 349 2877 quod
371 2803 476 2861 colitur
491 2804 527 2861 ab
542 2804 578 2875 iis
592 2803 642 2879 qui
658 2804 751 2862 bonos
765 2805 887 2862 saviros
901 2814 933 2862 ᾖ

92 2899 190 2958 baberi
219 2900 330 2970 volunt,
359 2919 426 2958 cum
454 2901 658 2958 emolumentis
691 2918 815 2976 unquam
843 2912 888 2959 est

93 2995 337 3074 comparandum:
365 3006 480 3072 tamque
508 2996 537 3054 id
566 2996 730 3068 honestum,
754 2992 831 3071 quod
856 2993 888 3052 in
