2200 3492
82 196 146 256 un]
389 196 433 243 nn
451 196 599 244 orurcrrs.
890 184 926 241 13

86 346 269 422 declinetque
289 367 335 420 ea,
349 367 413 424 quae
433 348 568 407 nocitura
582 347 743 420 videantur,
759 364 878 422 quaque

86 444 118 499 ad
137 444 296 502 vivendum
314 445 372 501 sint
392 445 567 516 necessaria,
587 445 720 520 anquirat
739 454 878 521 etparet,

85 551 113 596 ut
130 552 255 615 pastum,
272 551 303 597 ut
324 526 454 613 latibula,
470 552 502 598 ut
524 541 581 599 ulia
602 541 730 619 ejusdem
755 541 869 618 generis

85 636 246 693 Commune
259 638 327 694 item
344 638 533 695 animantium
544 638 674 696 omnium
686 641 730 695 est
741 622 879 715 coniunc-

80 732 168 790 'tiouis
190 735 343 810 appetitus,
358 733 529 811 procreandi
548 735 648 803 causti,
664 745 693 792 et
713 754 784 792 cura
804 740 910 811 quae-5

83 830 147 886 dam
163 849 264 886 eorum
283 830 355 907 quae‘
368 842 518 907 procreata
532 841 607 889 suut.
650 832 719 903 Sed,
734 831 808 889 inter
830 832 879 889 ho·

83 926 189 982 minem
216 937 246 983 et
265 927 403 999 belluam,
425 927 481 985 hoc
505 928 628 985 maxime
651 928 779 998 interest,
803 928 878 1003 quod

83 1022 144 1079 haec
164 1032 289 1094 tantum,
304 1033 443 1098 quantum
465 1044 551 1081 sensu
570 1033 711 1095 movetur,
727 1023 763 1081 ad
784 1024 813 1080 id
834 1043 879 1081 so·

82 1118 150 1189 lum,
167 1119 245 1194 quod
261 1120 353 1183 adest,
366 1121 499 1195 quodque
512 1140 639 1197 praeseus
653 1130 706 1193 est,
718 1139 749 1178 se
765 1130 879 1178 accom-

82 1216 191 1287 modat,
206 1216 356 1290 paululum
372 1217 526 1274 admodum
541 1218 670 1275 sentiens
688 1218 924 1293 praetcritum,·10

84 1323 131 1370 aut
153 1312 291 1370 futurum.
334 1312 433 1370 Homo
452 1324 557 1371 rautem
580 1313 672 1391 (quod
693 1314 813 1372 rationis
833 1325 878 1371 est

80 1410 238 1486 particeps
255 1429 404 1485 perquam
427 1412 634 1486 consequentia
655 1411 759 1482 cernit,
775 1430 877 1468 causas

13 1564 15 1575 ,
81 1524 177 1564 rerum
208 1506 302 1576 videt3
323 1519 497 1581 'earumque
525 1526 704 1582 progressus,
732 1516 761 1563 et
795 1496 877 1581 quasi

82 1603 309 1681 antecessiones,
331 1621 390 1659 non
412 1602 545 1679 ignorat3
576 1601 780 1658 similitudines
801 1620 879 1658 com·

79 1710 172 1775 parat,
194 1709 225 1755 et
243 1699 331 1755 rebus
358 1699 550 1775 praesentibus
572 1697 701 1775 adjungit
723 1708 807 1773 atque
830 1717 878 1754 an·
893 1716 923 1763 15

80 1796 173 1852 nectit
194 1795 319 1875 futuras)
343 1794 427 1852 facile
454 1795 544 1853 totius
564 1795 629 1852 vitae
650 1813 767 1851 cursum
786 1795 875 1877 videt,

82 1892 116 1949 ad
138 1910 262 1966 eamque
277 1891 439 1968 degendam
460 1901 602 1969 preparat
622 1910 668 1949 res
688 1893 875 1950 necessarias.

80 1984 252 2062 Eademque
273 1999 378 2045 natura
392 1988 421 2045 vi
433 1987 555 2049 rationis
569 1988 717 2045 hominem
737 1988 877 2046 conciliat

80 2085 203 2155 homiui,
225 2095 256 2141 et
278 2084 314 2141 ad
336 2085 475 2142 orationis
496 2096 525 2142 et
546 2085 582 2143 ad
603 2085 668 2143 vitae
689 2086 875 2143 societatem:

80 2181 293 2258 ingeneratque
327 2181 358 2238 in
387 2181 489 2257 primis
519 2182 699 2258 praecipuum
732 2182 875 2257 quendam
891 2173 923 2239 20

80 2297 207 2335 amorem
227 2278 258 2335 in
275 2297 328 2335 eos
346 2279 395 2353 qui
415 2270 561 2354 procreati
581 2288 664 2349 sunt3
687 2279 875 2354 impellitque,

80 2385 111 2431 ut
132 2375 287 2431 hominum
308 2385 401 2432 coetus
424 2385 453 2433 et
474 2376 685 2433 celebrationes
706 2395 780 2447 esse,
805 2386 834 2433 et
859 2396 875 2434 a

79 2490 109 2527 se
124 2464 211 2542 obiri,
227 2471 315 2541 velit;
335 2472 372 2528 ob
393 2491 500 2546 easque
521 2491 623 2530 causas
644 2472 757 2530 studeat
773 2492 876 2548 parare

80 2587 123 2638 ea,
145 2587 211 2643 quae
234 2554 417 2643 suppeditent
431 2578 460 2625 et
476 2568 511 2625 ad
527 2569 637 2625 cultum
652 2578 681 2626 et
701 2569 735 2625 ad
750 2569 874 2640 victum3

79 2667 134 2721 nec
162 2664 220 2722 sibi
250 2664 313 2736 soli,
336 2651 385 2721 sed
413 2664 543 2741 conjugi,
564 2646 673 2737 liberis,
695 2666 874 2741 caeterisque,
890 2670 922 2721 25

78 2779 149 2834 quos
171 2776 258 2818 caros
278 2759 392 2833 habeat,
408 2760 540 2835 tuerique
560 2761 671 2818 debeat.
712 2760 790 2823 Quae
804 2780 876 2820 cura

80 2858 240 2915 exsuscitat
261 2858 350 2914 etiam
371 2859 492 2931 animos,
508 2867 537 2915 et
557 2857 681 2934 majores
702 2858 738 2916 ad
752 2877 813 2915 rem
826 2876 875 2936 ge-

13 2932 26 3025 l·
80 2942 199 3013 leudam
215 2953 294 3012 facit.

277 3049 299 3109 2
