2200 3492
88 203 184 264 ern]
379 206 423 253 un
444 204 592 255 osricus.
871 190 928 250 rte
1006 183 1009 189 ’

87 371 149 411 nou
161 364 274 429 potest:
295 363 413 413 rectene
434 365 530 412 autem
551 354 628 411 hanc
642 351 757 413 tertiam
770 359 882 427 partem

88 450 124 507 ad
145 451 356 526 exquirendum
377 452 503 509 officium
529 450 701 528 adjunxerit,
723 467 759 506 an
786 466 881 518 secus,

87 547 124 607 de
145 567 180 606 eo
200 549 323 606 fortasse
344 548 482 625 disputari
501 558 606 624 potest.
648 546 735 617 Nam,
753 546 812 603 sive
833 544 883 602 ho·

87 655 203 703 nestum
228 646 325 702 solnm
352 647 460 705 bonum
486 655 530 703 est
552 644 598 723 (ut
625 644 735 701 Stoicis
760 641 880 721 placet),

18 734 19 737 ¹
87 743 157 815 sive,
172 744 252 820 quod
272 744 423 801 honestum
444 753 498 814 est,
513 741 542 800 id
558 743 599 800 ita
615 759 758 799 summurn
774 741 882 798 bonnm
898 747 915 794 5

87 850 131 898 est
157 840 415 919 (quemadmodum
443 839 644 915 Peripateticis
671 838 778 896 nostris
804 837 883 895 vide·

88 939 159 1018 tur),
181 948 214 994 ut
241 938 349 1010 omnia,
373 954 409 996 ex
438 937 527 995 alteri
553 946 635 1013 parte
661 936 814 1007 collocata,
835 935 883 992 vix

88 1034 203 1092 minimi
230 1034 369 1093 momenti
397 1035 486 1093 instar
513 1036 655 1105 habeant3
691 1032 882 1091 dubitandum

18 1160 19 1169 κ
87 1150 148 1189 non
168 1142 224 1202 est,
247 1132 316 1207 quin
336 1150 482 1207 nunquam
503 1132 594 1207 possit
615 1131 724 1189 utilitas
745 1148 811 1187 cnm
833 1129 883 1186 ho·

87 1237 201 1286 nestate
230 1224 413 1287 contendere.
454 1227 556 1304 Itaque
581 1228 756 1305 accepimns,
779 1228 930 1285 Socra-10

88 1336 147 1384 tem
175 1326 322 1383 exsecrari
349 1326 464 1383 solitum
490 1344 541 1383 eos
569 1326 618 1401 qni
650 1325 774 1402 primum
808 1324 882 1397 haec,

88 1424 193 1481 natnrd
215 1422 401 1494 coherentia,
416 1422 555 1498 opinione
577 1421 783 1480 distraxissent.
825 1421 883 1478 Cui

88 1520 205 1597 quidem
234 1519 274 1576 ita
301 1529 370 1576 sunt
402 1519 496 1576 Stoici
527 1519 646 1588 assensi,
674 1529 716 1588 ut,
744 1516 883 1592 quidquid

89 1619 245 1677 honestum
271 1626 357 1687 esset,
385 1615 414 1672 id
442 1616 513 1672 utile
541 1634 605 1672 esse
637 1624 799 1684 censerent,
827 1632 883 1671 nec

87 1714 159 1772 utile
174 1712 343 1789 quidquam,
359 1712 434 1787 quod
449 1732 509 1770 non
524 1712 687 1768 honestum.
902 1731 933 1778 15

123 1810 221 1873 Quod
236 1810 260 1867 si
274 1810 300 1866 is
314 1820 390 1867 esset
410 1808 566 1880 Panaetius,
581 1808 630 1884 qui
647 1809 781 1865 virtutem
801 1827 886 1884 prop·

89 1927 170 1967 terea
191 1907 343 1965 colendam
364 1907 485 1977 diceret,
507 1905 583 1982 qnod
604 1925 639 1965 ea
659 1906 789 1965 efficiens
809 1906 887 1964 utili·

88 2005 156 2064 tatis
171 2013 250 2061 esset
264 2003 319 2080 (ut,
325 2003 356 2076 ii,
367 2004 416 2079 qni
431 2022 477 2060 res
491 2005 667 2079 expetendas
680 2003 724 2060 vel
740 2003 888 2079 voluptate

18 2116 21 2135 ¹
88 2103 131 2161 vel
147 2101 311 2159 indolentid
330 2100 513 2180 metiuntur),
528 2101 630 2158 liceret
644 2101 671 2158 ei
686 2100 796 2172 dicere,
808 2100 887 2157 utili·

88 2210 179 2259 tatem
202 2197 356 2277 aliqnando
376 2216 443 2255 cum
464 2197 615 2254 honestate
634 2216 773 2274 pugnare.
815 2197 884 2267 Sed,
900 2199 931 2248 2³

90 2317 156 2356 curn
179 2296 274 2368 sitis,
295 2295 345 2370 qui
366 2294 396 2351 id
416 2293 509 2352 solnm
530 2295 640 2352 bonum
664 2293 789 2370 judicet,
808 2292 885 2367 quod

89 2395 245 2453 honestum
259 2392 296 2449 sit
305 2412 315 2461 ,·
335 2408 398 2467 quie
414 2401 509 2449 antem
524 2391 593 2449 huic
607 2400 768 2466 repugnent
787 2389 885 2465 specie

90 2490 217 2567 qnidam
231 2488 373 2560 utilitatis,
385 2506 483 2545 eornm
497 2506 593 2562 neque
605 2486 773 2543 accessione
787 2485 886 2543 melio·

90 2605 150 2644 rem
172 2586 262 2657 vitam
282 2584 355 2655 fieri,
376 2603 432 2641 nec
455 2584 626 2641 decessione
644 2582 798 2658 *pejorem3
825 2590 884 2641 non

90 2683 205 2741 ridetur
226 2679 366 2758 ejusmodi
387 2680 521 2738 debuisse
542 2679 780 2737 deliberationem
798 2680 886 2738 intro-
900 2685 943 2733 25‘

92 2779 212 2851 ducere,
234 2776 265 2835 in
292 2777 359 2853 qud,
381 2775 460 2853 qnod
486 2776 557 2834 utile
586 2776 740 2849 videretur,
761 2796 828 2834 cum
849 2794 885 2832 eo

92 2876 168 2953 qnod
195 2877 351 2934 honestum
375 2883 461 2945 esset,
482 2883 705 2949 compararetur.
756 2871 884 2942 Etenim,

95 2973 170 3049 qnod
190 2990 336 3032 summum
356 2972 465 3028 bonum
480 2989 497 3028 a
510 2970 619 3029 Stoicis
639 2970 756 3040 dicitnr,
778 2967 887 3024 “Con-

331 3066 370 3125 13
