2200 3492
111 187 206 247 nm]
402 187 445 234 nn
467 188 614 237 oramus.
894 181 951 247 155

108 353 204 414 genus
235 335 404 412 pestiferum
432 345 518 412 atque
545 338 665 414 impium
693 358 728 399 ex
754 337 904 399 hominum

109 433 320 491 communitate
347 435 597 493 exterminandum
623 446 675 494 est.
717 436 845 508 Etenim,
874 445 905 501 ut

109 531 241 589 membra
266 531 397 607 quaedam
425 541 619 606 amputantur,
646 531 671 590 si
698 543 727 591 et
754 533 816 609 ipsa
841 553 906 591 aan-

109 627 210 704 guine‚
231 636 260 684 et
279 638 415 703 tanquam
437 629 550 706 spiritu,
572 649 671 687 carere
696 641 854 708 coeperunt,
876 643 905 690 et

109 734 221 782 nocent
241 724 359 800 reliquis
385 726 515 802 partibus
540 728 688 803 corporis;
717 729 760 785 aie
788 728 852 800 ista,
874 729 936 787 inf>

108 819 204 898 figura
231 821 367 894 hominia,
389 823 488 881 feritas
508 834 538 881 et
565 823 731 887 immanitas
752 825 865 897 beliuae,
888 845 904 884 a

109 919 260 977 communi
288 929 424 995 tanquam
452 920 641 979 humanitate.
659 924 790 999 corporis
809 943 905 1000 aegre·

109 1015 207 1094 ganda
240 1025 291 1079 est.
352 1017 448 1094 Hujus
481 1020 598 1096 generis
630 1030 698 1077 aunt
730 1021 906 1096 quaestiones

109 1131 213 1170 omnes
239 1133 293 1186 ere,
314 1114 344 1172 in
365 1115 469 1189 quibua
488 1136 524 1174 ex
548 1126 676 1194 tempore
702 1117 831 1176 officium
858 1137 905 1175 ex·

109 1210 242 1287 quiritur.
922 1226 952 1274 10

150 1405 219 1467 VII.
247 1405 398 1484 Ejusmodi
426 1408 523 1486 igitur,
547 1409 647 1481 credo,
671 1428 718 1467 rea
743 1410 904 1469 Panaetium

109 1513 329 1580 persecuturum
353 1504 451 1576 fuisse,
465 1505 522 1563 uiui
544 1506 632 1581 aliqui
651 1526 736 1564 casus
757 1517 806 1565 aut
819 1527 906 1565 oecu-

109 1599 191 1676 patio
211 1600 365 1659 consilium
387 1601 450 1678 ejus
469 1601 655 1677 peremisset:
681 1603 716 1661 ad
737 1623 809 1679 quaa
829 1603 905 1679 ipsas

110 1696 342 1756 consultationes
360 1717 396 1755 ex
416 1698 613 1774 superioribus
632 1700 714 1758 libris
727 1701 798 1759 satis
815 1702 906 1760 multa

109 1806 256 1871 prrecepta
277 1804 354 1867 sunt,
376 1796 480 1872 quibua
504 1796 629 1874 perspici
656 1799 756 1874 possit,
778 1800 846 1875 quid
868 1800 905 1858 sit
922 1792 951 1860 '15

108 1901 228 1968 propter
256 1893 464 1968 turpitudinem
492 1894 678 1971 firgiendum3
706 1896 774 1971 quid
803 1897 840 1955 sit
863 1896 903 1969 id,

109 1989 187 2065 quod
209 1988 321 2047 idcirco
345 1990 514 2067 fugiendum
541 1992 669 2071 nonsit,
690 1993 758 2067 quia
785 1994 904 2053 omnino

110 2096 195 2162 turpe
221 2105 281 2143 non
305 2087 349 2146 ait.
392 2088 462 2161 Sed,
482 2089 618 2163 quoniam
646 2090 727 2171 operi
755 2091 903 2163 inchoato,

109 2193 140 2241 et
160 2202 250 2260 prope
269 2183 328 2260 jam
352 2185 493 2257 absoluto,
513 2195 651 2261 tanquam
679 2186 825 2264 fastigium
853 2188 905 2244 im·

107 2280 262 2357 ponimus3
284 2291 315 2338 ut
328 2291 484 2359 geometra
498 2283 593 2343 solent
606 2303 664 2341 non
675 2284 773 2341 omnia
787 2283 904 2355 docere,
919 2290 951 2339 20

109 2377 162 2436 sed
182 2379 339 2453 postulare,
354 2390 385 2435 ut
398 2378 529 2453 quaedam
549 2380 606 2437 sibi
622 2380 831 2451 concedantur,
846 2399 905 2455 quo

110 2473 235 2546 facilius,
263 2494 328 2550 quae
355 2475 456 2547 uelint,
485 2477 646 2551 explicent3
680 2477 723 2534 sie
749 2482 804 2555 ego
832 2497 849 2536 a
875 2489 904 2537 te

108 2571 236 2647 postulo,
251 2571 290 2628 mi
310 2571 426 2644 Cicero,
441 2582 473 2629 ut
487 2573 559 2630 mihi
580 2574 725 2631 concedas
740 2573 778 2651 (si
796 2579 903 2657 potes),

108 2666 194 2740 nihil,
217 2677 320 2744 praeter
342 2669 370 2725 id
391 2670 468 2745 quod
490 2672 642 2727 honestum
666 2671 712 2742 sit,
735 2685 850 2748 propter
873 2693 904 2731 se

108 2784 175 2825 case
195 2765 397 2842 expetendum.
440 2767 492 2825 Sin
514 2767 650 2826 huonon
672 2769 742 2827 licet
762 2789 812 2845 per
834 2770 905 2828 Cra·
918 2773 950 2822 25

108 2863 233 2941 tippum,
248 2873 277 2922 at
297 2862 368 2921 iilud
389 2873 467 2921 certe
487 2864 580 2937 dabis,
594 2867 671 2943 quod
689 2868 840 2925 honestum
855 2867 903 2940 sit,

109 2960 140 3023 id
165 2978 230 3019 ease
253 2960 377 3020 maxime
396 2971 512 3038 propter
533 2981 566 3021 se
585 2963 785 3040 expetendum.
828 2961 904 3020 Mihi
