2200 3492
86 193 190 254 ‚nrm
376 193 431 240 ns
453 193 599 240 orneris.
881 186 938 244 143

85 341 253 421 profectus,
278 342 394 401 inanem
418 343 513 401 redire
533 342 730 420 turpissimum
762 354 817 416 est,
842 343 891 400 de·

95 439 285 497 decorantem
308 450 338 496 et
361 439 441 497 urbis
472 440 684 512 auctoritatem,
698 450 728 497 et
751 439 888 517 magistri.

93 535 208 607 Quare,
231 547 369 612 quantum
390 536 501 593 couniti
523 536 621 593 animo
640 545 730 612 potes,
751 546 889 612 quantum

93 633 195 690 labore
215 634 394 691 contendere
407 631 447 711 (si
468 632 601 691 discendi
620 632 702 691 labor
722 642 766 691 est
784 633 889 710 potius,

93 748 182 805 quam
210 730 355 810 voluptas)
382 739 506 802 tantum,
527 729 584 803 sao,
605 738 638 787 ut
664 729 790 788 efficias:
803 744 805 751 ’
817 740 921 788 neret

94 826 270 898 committas,
291 836 332 898 ut,
360 845 438 889 cum⁴
455 826 555 884 omnia
581 826 763 903 suppeditata
788 828 847 884 sint
873 844 891 885 a

92 924 191 995 nobis,
204 933 268 981 tute
288 923 341 981 tibi
362 923 488 981 defuisse
508 922 633 981 videare.
674 923 733 980 Sed
748 925 810 981 hasc
824 924 891 981 hac
923 942 926 949 ·

92 1030 190 1078 tenus.
233 1018 327 1078 Multa
340 1020 419 1078 euim
433 1038 509 1096 sepe
526 1020 562 1078 ad
582 1030 622 1092 te,
636 1020 808 1078 cohortandi
828 1038 891 1097 gra·

22 1186 23 1189 ¹
93 1116 146 1189 tia,
160 1115 340 1192 scripsimus.
381 1114 471 1174 Nunc
493 1115 530 1174 ad
549 1115 689 1192 reliquam
702 1127 813 1192 partem
826 1135 890 1193 pro·

92 1214 197 1292 positae
211 1213 363 1270 divisionis
375 1222 562 1273 revertamur.
906 1224 936 1271 1⁰

132 1309 283 1367 Panaetius
309 1309 398 1387 igitur
426 1307 499 1387 (qui,
526 1309 590 1368 siue
616 1310 825 1381 controversid,
853 1309 889 1367 de

93 1407 200 1464 officiis
226 1406 443 1464 accuratissime
469 1405 634 1483 disputavit,
657 1425 800 1482 quemque
826 1425 889 1477 nos,

93 1501 279 1562 correctione
298 1503 422 1578 quddam
444 1502 583 1574 adhibiti,
596 1503 779 1579 potissimum
797 1502 889 1559 secuti

22 1582 24 1589 ,
93 1601 221 1680 sumus),
242 1599 335 1657 tribus
361 1600 517 1677 generibus
543 1598 709 1676 propositis,
731 1598 761 1656 iu
787 1598 890 1674 quibus

94 1697 258 1755 deliberare
278 1696 418 1769 homines,
433 1706 462 1754 et
476 1696 638 1755 consultare
652 1696 689 1753 de
703 1696 800 1752 officio
818 1695 891 1753 soie-
906 1708 936 1753 15

93 1804 176 1865 reut;
198 1813 267 1864 uuo,
282 1810 348 1851 cum
365 1793 539 1862 dubitarent,
554 1794 746 1852 honestumne
760 1793 789 1850 id
803 1803 888 1863 esset,

94 1892 212 1967 dequo
234 1900 376 1967 ageretur,
398 1910 434 1951 au
461 1899 561 1967 turpe3
590 1890 690 1962 altero,
711 1890 830 1964 utilene,
853 1909 889 1946 au

95 1988 216 2059 inutile3
237 1987 333 2060 tertio,
350 1987 374 2044 si
395 1986 435 2059 id,
456 1987 533 2063 quod
553 1988 680 2063 speciem
701 1987 820 2045 haberet
840 1986 889 2044 ho·

95 2085 181 2156 nesti,
209 2093 352 2162 pugnaret
379 2103 446 2142 cum
473 2102 509 2142 eo
533 2084 612 2159 quod
636 2083 708 2141 utile
733 2084 888 2154 videretur,

97 2180 245 2256 quomodo
265 2199 301 2238 ea
320 2179 448 2238 discerni
467 2189 629 2256 oporteret;
651 2179 689 2236 de
709 2180 822 2236 duobus
842 2196 891 2254 ge·
904 2193 936 2241 su

96 2278 216 2336 neribus
229 2276 340 2352 primis,
354 2276 447 2334 tribus
466 2276 548 2334 libris
561 2276 734 2353 explicavit:
756 2276 792 2332 de
806 2274 891 2332 tertio

98 2385 194 2432 autem
222 2392 329 2450 genero
363 2373 502 2450 deinceps
528 2392 560 2431 se
587 2372 702 2448 scripsit
735 2371 889 2444 dicturum,

97 2489 153 2528 uec
173 2469 305 2543 exsoluit,
320 2468 398 2544 quod
417 2470 596 2545 promiserat.
636 2468 726 2530 Quod
746 2488 781 2526 eo
799 2468 891 2545 magis

98 2567 197 2639 miror,
211 2566 280 2643 quia
300 2566 438 2642 scriptum
460 2585 477 2625 a
497 2565 639 2642 discipulo
659 2564 721 2641 ejus
734 2564 891 2623 Posidonio

99 2674 151 2736 est,
166 2664 288 2741 triginta
301 2662 385 2721 anuis
398 2662 504 2720 vixisse
517 2661 688 2734 Panaetium,
703 2672 891 2738 posteaquam
906 2665 938 2714 Ξ)

100 2779 149 2818 eos
162 2761 254 2818 libros
268 2759 413 2818 edidisset.
455 2758 555 2821 Quem
568 2758 666 2817 locum
680 2759 768 2817 miror
783 2777 800 2816 a
813 2756 892 2815 Posi·

101 2856 189 2923 donio
209 2857 335 2916 breviter
352 2874 418 2914 esse
436 2865 547 2917 tactum
567 2856 598 2914 in
618 2855 789 2931 quibusdam
813 2870 892 2910 com·
