2200 3492
165 211 204 269 32
500 224 554 271 nn
569 223 716 271 oeneus.
931 213 1000 275 [M
1093 288 1095 313 ι

210 371 280 443 dua;
302 373 450 448 quidnam,
465 373 607 433 beneficio
627 374 786 452 provocati,
802 373 898 432 faeere
917 373 1006 431 debe-

211 470 297 526 mus?
327 488 364 527 an
387 488 444 528 non
469 469 586 543 imitari¹
601 489 686 548 agros
708 470 827 543 fertiles,
842 469 892 545 qui
913 469 1006 528 multo

210 565 275 641 plus
299 566 431 639 efferunt,
449 586 534 642 quam
560 569 756 644 aeceperunt?
790 564 919 639 Etenim,
933 566 959 624 si
973 567 1005 624 in'

211 681 272 734 eos,
287 680 359 739 quoe
373 682 521 739 speramus
542 663 628 721 nobie
649 664 898 742 profutu10s‚non
922 663 1006 720 dubi-

181 764 305 816 etamus
327 759 425 817 offitia
445 759 577 818 conferte
588 781 596 832 ;
625 761 723 836 quales
743 761 774 818 in
795 780 847 817 eoa
868 779 932 818 esse
956 760 1005 817 de-

211 854 322 928 bemus,
346 856 395 931 qui
419 855 479 933 jam
505 856 697 933 profuerunt?
737 856 826 937 Nam,
851 875 919 913 eum
946 856 1007 914 duo

211 970 319 1027 genera
344 950 526 1013 liberalitatis
546 953 614 1026 sint,
636 972 726 1011 unum
746 953 834 1011 dandi
858 952 1006 1026 beneficii,

212 1048 333 1105 alterum
353 1050 512 1122 reddendi3
534 1050 646 1123 demus,
661 1069 766 1124 nenne,
781 1051 812 1109 in
835 1051 936 1129 nostrai
955 1068 1007 1127 po·

211 1154 315 1203 testate
339 1152 401 1205 est:
430 1166 490 1205 non
510 1148 642 1220 reddere,
664 1148 726 1205 viro
747 1149 825 1205 bono
842 1166 905 1205 non
924 1147 1005 1220 lieet,

168 1245 197 1293 10
213 1242 300 1299 modo
315 1242 345 1300 id
359 1243 456 1302 faeere
468 1244 560 1321 possit
574 1244 638 1303 sine
652 1244 766 1321 injuriat.

170 1342 172 1345 ’
252 1338 451 1416 Acceptorum
465 1350 561 1399 autem
572 1340 780 1399 beneficiorum
794 1351 862 1398 eunt
875 1340 1008 1399 delectus

201 1435 349 1500 habendi.
391 1436 458 1494 Nee
485 1437 616 1510 dubium,
643 1437 713 1514 quin
747 1432 873 1494 maxiano
900 1436 1007 1513 cuique

212 1531 369 1609 plurimum
393 1534 540 1592 debeatur.
582 1533 695 1611 Inque
718 1543 825 1607 tamen,
841 1535 871 1593 in
894 1534 1007 1610 primis,

212 1649 269 1705 quo
292 1631 421 1709 quisque*
435 1631 523 1690 animi
544 1632 641 1690 studio
668 1631 869 1690 benevolentia
893 1631 1007 1704 fecerit,

169 1728 200 1777 15
213 1727 430 1802 ponderandum
457 1738 509 1786 est.
551 1727 640 1786 Multi
667 1728 746 1786 enim
780 1728 892 1786 faciunt
917 1728 1009 1788 multa

214 1823 377 1883 temeritate
397 1823 533 1900 quadam,
555 1824 618 1881 aine
639 1824 816 1902 judieinvel
844 1826 948 1896 mod03
978 1825 1008 1883 in

213 1922 317 1977 ornnes
340 1920 492 1996 repentino
514 1921 650 1997 quodam,
670 1922 752 1998 quasi
776 1932 873 1995 vento,
898 1922 1008 1999 impetu

216 2015 305 2074 animi
320 2016 449 2074 incitati:
472 2036 535 2093 qua
557 2014 701 2076 beneficia
721 2037 803 2095 aque
824 2038 1009 2097 magnanon

215 2122 283 2171 eunt
297 2114 439 2186 habenda,
455 2122 539 2190 atque
549 2134 594 2188 ea,
607 2134 670 2190 quae
681 2114 803 2192 judicio,
816 2116 1008 2188 considerate,

169 2220 201 2269 20
216 2220 439 2286 constanterque
460 2211 557 2269 delata
579 2222 657 2269 sunt.
699 2212 769 2284 Sed,
785 2212 816 2269 in
837 2212 1010 2271 collocando

215 2307 367 2379 beneficio,
382 2317 412 2365 et
432 2307 462 2365 in
483 2308 634 2366 referendi
655 2308 757 2385 gratid,
773 2307 797 2365 si
811 2318 917 2367 eaetera
928 2310 1011 2385 paria

215 2404 282 2476 sint,
298 2405 354 2461 hoe
368 2400 492 2461 maxime
512 2405 601 2462 officii
622 2416 676 2477 est,
691 2415 724 2462 ut
743 2406 865 2482 quisque
886 2406 1009 2464 maxime

215 2500 279 2577 opis
294 2500 432 2578 indigeat,
448 2501 489 2558 ita
509 2501 536 2558 ei
557 2502 739 2578 potissimum
759 2503 911 2579 opitulari:
934 2503 1011 2578 quod

216 2609 318 2655 eontra
338 2598 369 2655 fit
390 2618 407 2655 a
426 2597 579 2675 plerisque.
620 2598 649 2655 A
670 2616 728 2677 quo
748 2599 827 2657 enim
854 2600 1011 2677 plurimum

170 2717 202 2766 25
216 2706 342 2771 sperant,
357 2694 471 2753 etiamsi
485 2695 533 2753 ille
547 2695 593 2753 his
606 2715 666 2753 non
680 2706 756 2774 eget,
770 2706 869 2755 tamen
883 2697 911 2755 ei
924 2697 1012 2773 potis-

215 2792 320 2851 simum
335 2792 503 2851 inserviunt.

251 2984 339 3044 XVI.
360 2984 488 3062 Optime⁴
502 2996 598 3045 autem
619 2987 746 3046 societas
769 2986 920 3046 hominum
942 3007 1013 3047 con·
