2200 3492
502 217 546 263 nn
565 218 711 264 osmcns.
943 219 1005 280 [nr

220 370 317 434 turno,
342 381 409 426 cum
429 373 459 421 et
479 365 648 424 mulieribus
669 365 708 444 (si
729 366 816 424 Circe
837 376 866 424 et
886 366 1015 443 Calypso

220 458 356 516 mulieres
377 460 554 536 appellanda
574 464 655 543 sunt)
670 462 830 535 inserviret,
845 473 874 520 et
888 464 918 521 in
932 464 1014 521 omni
1045 454 1047 457 ’

221 573 354 613 sermone
375 558 510 616 omnibus
528 554 670 617 affabilem
686 580 717 618 se
731 579 794 617 esse
808 560 909 618 vellet!
933 560 1013 618 domi

221 670 289 709 vero
303 653 390 713 etiam
405 656 596 713 contumelias
617 675 763 715 servorum
786 657 1015 733 ancillarumque

190 764 206 813 5
221 750 348 824 pertulit,
361 761 395 808 ut
409 752 445 809 ad
465 752 495 809 id
514 752 679 828 aliquando,
694 753 771 828 quod
792 754 936 830 cupiebat,
950 771 1015 829 per·

222 846 340 905 veniret.
382 847 423 907 At
442 849 519 926 Ajax
541 848 612 927 (quo
633 849 729 909 animo
748 850 884 930 traditur)
908 849 1016 907 millies

222 953 358 1018 oppetere
372 955 503 1016 mortem,
518 964 603 1020 quam
617 945 668 1003 illa
679 944 800 1021 perpeti,
815 944 973 1003 maluisset.

166 1026 170 1037 ’
260 1038 338 1100 Quae
353 1041 582 1117 contemplantes
596 1042 758 1119 expendere
774 1042 928 1117 oportebit,
945 1040 1017 1116 quid

222 1136 344 1212 quisque
363 1138 468 1195 habeat
487 1136 549 1208 sui;
577 1157 668 1213 eaque
689 1138 842 1211 moderari,
863 1158 920 1196 neo
941 1139 1017 1197 velle

122 1258 125 1262 ⁴
178 1240 207 1289 10
223 1232 356 1308 experiri,
368 1234 601 1308 quamsealiena
611 1235 742 1294 deceant.
783 1234 818 1292 Id
832 1235 910 1293 enim
925 1236 1018 1294 maxi-

223 1347 270 1386 me
292 1344 433 1405 quemque
455 1330 550 1403 decet,
565 1332 641 1406 quod
662 1343 706 1390 est
728 1332 868 1408 cujusque
889 1333 1018 1404 maxime

223 1444 317 1497 suum.
357 1426 452 1485 Suum
472 1424 560 1503 igitur
580 1428 702 1503 quisque
723 1438 826 1486 noscat
846 1428 1016 1506 ingenium

225 1541 377 1600 acremque
397 1543 428 1583 se
448 1534 480 1581 et
497 1525 638 1585 bonorum
653 1535 682 1582 et
695 1525 830 1584 vitiorum
844 1544 961 1584 suorum
972 1527 1019 1603 ju·

224 1619 320 1677 dicem
339 1620 483 1696 praebeat3
504 1636 542 1679 ne
563 1621 673 1679 scenici
692 1621 766 1698 plus,
787 1641 872 1698 quam
892 1641 958 1695 nos,
976 1623 1017 1680 vi-

179 1728 209 1777 15
224 1716 346 1773 deantur
356 1716 462 1774 habere
472 1717 649 1792 prudentie:
671 1718 711 1775 illi
723 1718 800 1775 enim
810 1738 867 1775 non
881 1719 1015 1794 optimas,

224 1813 275 1873 sed
290 1812 345 1870 sibi
359 1813 683 1887 accommodatissimas,
696 1815 806 1873 fabulas
816 1815 944 1892 eligunt:
967 1817 1017 1891 qui

224 1927 296 1966 voce
311 1908 375 1967 freti
389 1918 466 1980 sunt,
475 1908 635 1986 Epigonos,
645 1909 839 1987 Medumque3
860 1913 909 1987 qui
921 1923 1016 1990 gestu,

225 2003 433 2081 Menalippum,
448 2005 715 2080 Clytaemnestram
737 2027 849 2083 semper
866 2008 1016 2083 Rupilius,

225 2120 310 2176 quem
324 2120 379 2179 ego
393 2101 522 2174 memini,
537 2102 712 2179 Antiopam:
734 2122 878 2182 nonsaepe
889 2105 1017 2180 AEsopus

178 2199 210 2250 20
225 2197 355 2275 Ajacem.
397 2198 477 2276 Ergo
491 2199 594 2257 histrio
607 2200 663 2257 hoc
678 2200 787 2258 videbit
801 2202 830 2257 in
845 2203 944 2273 scena,
956 2221 1018 2265 non

225 2294 334 2353 videbit
347 2295 388 2381 vir
410 2296 525 2372 sapiens
546 2296 577 2353 in
598 2297 675 2354 vital
706 2297 754 2354 Ad
777 2317 847 2372 quas
867 2298 956 2375 igitur
971 2316 1019 2356 res

226 2392 364 2466 aptissimi
378 2393 495 2464 erimus,
508 2392 537 2465 ip
551 2393 588 2450 iis
600 2392 780 2468 potissimum
795 2394 1017 2453 elaborabimus.

226 2489 280 2545 Sin
301 2489 455 2565 aliquando
481 2489 639 2546 necessitas
663 2508 716 2546 nos
741 2491 775 2548 ad
796 2509 832 2549 ea
851 2491 1018 2561 detruserit,

226 2602 289 2658 quoe
310 2586 398 2643 nostri
420 2585 531 2662 ingenii
547 2604 608 2643 non
622 2597 720 2657 erunt3
743 2588 837 2644 omnis
852 2588 1020 2646 adhibenda

179 2695 212 2745 25
226 2680 280 2738 erit
294 2682 547 2753 curameditatio,
563 2682 723 2759 diligentia,
739 2695 828 2755 ntea,
844 2684 868 2741 si
888 2703 948 2741 non
970 2686 1020 2741 dc·

226 2795 304 2848 core,
315 2787 343 2834 at
352 2796 437 2851 quam
446 2778 596 2835 minimum
606 2779 751 2852 indecore,
760 2780 855 2838 facere
863 2782 1018 2856 possimus.

225 2872 255 2932 N
257 2892 292 2931 ec
306 2884 364 2935 tam
380 2883 423 2931 est
437 2874 615 2947 enitendum,
630 2886 662 2935 ut
676 2877 762 2947 bona,
773 2896 836 2951 quaa
851 2877 936 2935 nobis
950 2878 1019 2938 data

226 2986 285 3029 non
299 2970 366 3044 siut,
381 2990 543 3048 sequamur,
558 2991 642 3048 quam
659 2983 690 3031 ut
704 2972 773 3030 vitia
786 2973 939 3050 fugiamus.
