2200 3492
181 218 239 279 162
515 224 559 272 m:
580 225 725 272 cuncus.
921 221 1023 283 [arn.

225 393 310 453 posse
331 375 471 435 concedi:
492 394 571 446 nam,
585 375 610 432 si
623 373 722 433 omnia
735 372 869 431 facienda
881 372 940 429 sint
953 389 1022 447 quaa
1090 394 1091 397 ¹

227 473 313 530 amici
328 473 426 545 velint,
441 490 501 529 non
522 471 656 530 amicitie
676 471 759 544 tales,
773 470 824 527 sed
842 468 1023 546 conjuratio-

171 621 174 628 .
225 569 517 645 nes,puta11doesint.
883 642 885 647 Ι

266 665 380 741 Loquor
396 675 491 725 autem
505 665 544 722 de
558 664 757 724 communibus
774 662 927 721 amicitiis:
949 679 1022 720 nam

194 762 256 823 5in
284 744 463 838 sapientibirs
489 762 567 834 viris,
594 761 796 838 perfectisque,
823 760 895 817 nihil
922 768 1023 835 potest

226 878 289 916 esse
310 859 375 917 tale.
418 859 581 935 Damonem
595 869 625 916 et
638 858 794 925 Phintiam,
809 857 1022 934 Pythagoreos,

225 956 323 1014 serunt
342 939 399 1014 boc
417 956 514 1014 auimo
524 956 606 1014 inter
620 975 651 1012 se
665 955 763 1027 fuisse,
778 963 820 1025 ut,
835 970 1023 1012 cumeorum

227 1053 309 1111 alteri
329 1053 488 1128 Dionysius
507 1062 646 1128 tyrannus
664 1053 741 1110 diem
754 1053 836 1110 necis
849 1049 1023 1108 destinavis-

226 1163 279 1221 set,
294 1160 323 1206 et
344 1149 378 1221 is,
398 1150 447 1223 qui
468 1150 554 1207 morti
576 1150 707 1209 addictus
726 1159 811 1222 esset,
831 1167 942 1224 paucos
962 1146 1022 1204 sibi

179 1256 211 1307 10
226 1247 298 1317 dies,
319 1245 616 1320 commendandorum
637 1265 754 1303 suorum
775 1245 873 1315 causa,
893 1243 1023 1320 postula·

225 1343 322 1415 visset,
344 1362 393 1400 vas
414 1343 507 1400 lactus
528 1343 566 1400 sit
587 1343 656 1400 alter
677 1343 738 1419 ejus
765 1341 885 1399 sistendi
893 1361 901 1411 3
930 1354 972 1408 ut,
992 1340 1023 1398 si
1059 1387 1062 1390 .

226 1441 275 1498 ille
295 1460 354 1498 non
377 1440 550 1507 revertisset,
566 1439 746 1497 moriendum
760 1449 836 1496 esset
850 1438 913 1513 ipsi.
954 1437 1023 1500 Qui

227 1556 295 1596 cum
323 1537 358 1594 ad
383 1537 458 1595 diem
487 1555 517 1594 se
545 1535 711 1611 recepisset,
733 1534 890 1592 admiratus
917 1552 1023 1591 eorum

220 1633 313 1692 alidem
333 1644 482 1710 tyrannus,
499 1632 610 1710 petivit,
625 1642 657 1690 ut
676 1650 708 1689 se
729 1632 764 1688 ad
786 1631 943 1689 amicitiam
965 1641 1024 1688 ter·

180 1743 211 1793 15
226 1730 299 1787 tium
314 1730 518 1788 adscriberent.
806 1742 808 1744 ’

266 1826 342 1882 Cum
364 1825 451 1901 igitur
472 1825 502 1882 id
524 1824 600 1900 quod
621 1823 691 1882 utile
707 1823 819 1881 videtur
833 1822 862 1880 in
878 1821 1021 1896 amicitia,

228 1939 296 1981 cum
316 1939 352 1978 eo
366 1922 443 1997 quod
463 1921 617 1979 honestum
637 1930 690 1992 est,
706 1929 903 1996 comparatum
923 1920 1023 1996 jaceat

227 2017 360 2075 utilitatis
380 2018 501 2095 species,
516 2018 610 2079 valeat
630 2018 773 2075 honestas.
815 2017 891 2074 Cum
912 2027 1022 2089 autem,

222 2115 258 2183 ,in
280 2115 418 2187 amicitiai,
432 2136 495 2192 quae
516 2116 637 2175 honesta
657 2134 716 2171 non
738 2124 814 2182 sunt,
835 2114 1023 2190 postulabun-

179 2225 211 2276 πο
227 2220 291 2281 tur;
311 2210 415 2288 religio
430 2221 459 2268 et
478 2211 550 2268 fides
572 2220 780 2285 anteponantur
802 2210 954 2267 amicitiae:
977 2210 1022 2269 sic

228 2307 381 2377 habebitur
402 2307 436 2378 is,
457 2325 540 2382 quem
562 2305 748 2381 exquirimus,
770 2306 900 2363 delectus
920 2306 1021 2367 officii.

268 2498 323 2559 XI.
345 2499 414 2571 Sed,
429 2497 561 2556 utssitatis
581 2496 689 2574 specie,
704 2498 734 2555 in
755 2474 904 2574 republica
925 2499 1023 2574 saepis·

228 2596 301 2653 sime
333 2606 481 2672 peccatur,
517 2604 549 2651 ut
583 2594 613 2651 in
645 2594 778 2665 Corinthi
812 2595 1021 2654 disturbatione

227 2691 337 2750 nostri:
359 2691 458 2749 durius
477 2691 564 2749 etiam
580 2691 784 2762 Athenienses
801 2691 1021 2765 qui—sciverunt,

81 2868 84 2873 ᾗ
181 2791 213 2842 25
228 2799 261 2846 ut
281 2787 436 2864 AEginetis,
457 2787 505 2863 qui
527 2787 619 2844 classe
638 2788 783 2858 valebant,
805 2788 924 2862 pollices
950 2807 1020 2863 prm·

229 2886 401 2943 ciderentur.
454 2882 522 2942 Hoc
543 2884 635 2940 visum
657 2894 700 2940 est
720 2883 791 2941 utile
802 2904 814 2940 ε.
835 2884 923 2940 nimis
943 2885 1020 2942 enim

230 2980 408 3053 imminebat,
428 2988 542 3056 propter
569 2979 823 3056 propinquitatem,
844 2978 955 3056 AEgina
975 2979 1020 3037 Pi·
