2200 3492
178 197 219 258 94
523 208 733 257 odorricus.
934 207 1027 270 [eru

227 358 320 434 ipsuru
352 358 504 434 probabile
529 358 644 417 elucere
671 376 731 416 uon
757 357 858 434 possit,
885 356 954 429 nisi,
983 375 1026 415 ex

227 455 349 530 utrrlque
374 468 465 532 perte,
486 474 639 513 causarum
662 465 739 512 esset
760 455 837 512 lacte
858 453 1022 512 contentio.

227 552 287 609 Sed
306 551 370 609 hec
389 552 543 628 explanate
563 562 630 609 sunt
650 551 681 609 in
695 550 930 610 “Academicis'’
953 569 1026 608 nos·

227 648 279 706 tris
298 648 377 719 sutis,
399 659 430 707 ut
451 648 582 720 arbitror,
603 648 765 725 diligenter.
816 647 888 705 Tibi
910 656 1023 720 autem,

195 752 212 800 5
229 745 267 802 rui
287 745 404 817 Cicero,
419 764 583 820 quanquam
605 745 635 802 in
657 744 856 821 antiquissimi
876 743 1025 802 nobilissi-

227 841 331 917 mique
356 841 549 919 philosophie,
571 841 709 918 Cratippo
738 850 865 913 auctore,
886 841 1023 912 verseris,

227 937 264 996 iis
295 938 454 1011 simillimo,
487 939 538 1014 qui
571 938 627 997 iste
658 938 796 1015 preclara
827 947 1023 1013 pepererunt;

228 1046 325 1092 tamen
346 1035 409 1093 haec
436 1045 542 1108 nostru,
563 1034 685 1093 finitima
704 1034 815 1105 vestris,
836 1034 934 1111 ignote
956 1051 1024 1091 esse

226 1110 318 1190 irolui.
360 1132 419 1191 sed
430 1132 489 1209 jem
504 1131 540 1190 sd
555 1131 686 1190 instituta
698 1149 859 1208 pergarnus.

183 1335 214 1385 10
268 1323 323 1382 111.
343 1324 484 1401 Quinque
498 1324 586 1402 igitur
596 1324 757 1383 rationibus
765 1324 918 1402 propositis
928 1323 1024 1382 officii

229 1420 430 1498 persequendi,
444 1440 565 1498 quarum
586 1421 650 1499 dure
672 1421 708 1480 sd
721 1422 813 1478 decus
827 1421 1025 1478 honestatem-

229 1537 286 1593 que
308 1517 469 1595 pertinent3
497 1517 562 1575 duae
583 1517 619 1575 sd
639 1518 792 1576 commode
810 1518 886 1588 vitre,
907 1517 1024 1594 copias,

230 1633 309 1691 opes,
324 1614 492 1686 fucultates3
513 1615 615 1689 quinte
629 1613 664 1672 ed
679 1614 805 1692 eligendi
824 1614 983 1690 judicium,
998 1614 1025 1672 ei

229 1711 345 1787 quondo
364 1731 409 1783 ea,
424 1730 487 1788 qure
507 1711 577 1784 dixi,
591 1730 721 1789 pugnare
742 1711 817 1799 inter
837 1730 868 1768 se
888 1711 1025 1769 videren-

183 1806 214 1856 15
229 1817 293 1877 tur;
314 1807 472 1867 honestatis
492 1827 560 1884 pere
579 1809 715 1867 conlecta
734 1817 787 1881 est,
801 1826 887 1884 quern
901 1807 1024 1883 quidem

229 1903 283 1961 tibi
296 1904 384 1981 cupio
398 1922 462 1961 esse
476 1904 664 1964 notissimam.
706 1905 774 1963 Hoc
789 1914 894 1976 sutem,
909 1905 947 1962 de
963 1923 1024 1981 quo

229 2017 309 2057 nnnc
324 1999 445 2077 egimus
457 2000 486 2058 id
501 2000 596 2077 ipsum
608 2011 662 2074 est,
674 2001 751 2077 quod
765 2001 835 2059 utile
850 2001 1022 2077 appelletur.

230 2094 266 2153 In
280 2115 338 2173 quo
351 2096 432 2173 lapsu
451 2097 633 2156 consuetudo
647 2098 765 2156 deflexit
778 2099 814 2156 de
827 2098 884 2170 viri,
898 2098 1024 2156 sensim·

230 2210 285 2269 que
305 2211 342 2252 eo
362 2193 488 2253 deducto
506 2205 560 2266 est,
575 2205 616 2268 ut,
638 2195 818 2253 honestatem
838 2195 875 2252 ub
894 2195 1023 2254 utilitate

182 2292 214 2342 2⁰
230 2309 395 2363 secernens,
406 2300 436 2348 et
447 2292 645 2363 constitueret,
657 2291 809 2349 honesturn
823 2310 886 2349 esse
900 2291 1022 2368 aliquid,

229 2386 307 2461 quod
327 2386 398 2444 utile
418 2405 476 2445 non
496 2382 582 2458 esset,
595 2396 625 2445 et
645 2387 726 2459 utile,
740 2387 817 2463 quod
837 2406 896 2445 non
915 2387 1024 2447 hones-

229 2491 308 2552 tum;
333 2483 390 2557 qun
409 2483 490 2542 nulle
508 2482 653 2559 pernicies
672 2483 763 2561 major
783 2483 933 2541 hominurn
954 2484 1022 2542 vitre

229 2578 324 2653 potuit
338 2578 442 2637 efferri.
717 2654 722 2662 ,

270 2674 391 2733 811111ωῆ
405 2675 520 2751 quidem
543 2675 714 2734 auctoritate
731 2675 905 2753 philosophi,
920 2694 1021 2734 severe

183 2767 216 2823 25
230 2789 301 2829 sene
327 2781 413 2846 etque
440 2771 571 2844 honeste,
593 2774 655 2831 hrec
682 2773 738 2831 tris
762 2792 880 2851 generu-
897 2773 1022 2832 confuse

231 2866 409 2945 cogitatione
423 2868 612 2947 distinguunt.
652 2870 806 2946 Quidquid
820 2870 898 2928 eninr
909 2869 1020 2947 justum

231 2963 279 3037 sit,
294 2964 324 3023 id
344 2965 431 3024 etism
452 2966 521 3024 utile
541 2985 606 3025 esse
626 2976 763 3041 sennenn
786 2966 922 3044 itemque,
942 2965 1020 3043 quod
