2200 3492
108 181 148 241 rt)
454 193 497 241 un
518 192 667 240 cumeris.
878 191 950 251 [ur.

156 351 186 400 et
198 342 261 419 pari
275 360 344 400 cum
355 341 469 400 civibus
480 341 545 418 jure
556 341 662 413 rivere,
671 359 765 416 neque
773 340 950 399 submissum

156 449 186 497 et
200 439 354 515 abjectum,
368 458 462 514 neque
476 457 507 496 se
522 439 707 496 efferentem:
728 449 790 495 tum
805 437 835 494 in
847 437 950 512 repub-

156 535 215 593 licti
241 555 280 594 eu
297 535 381 615 velle,
403 555 467 611 quae
494 536 651 610 tranquilla
675 544 706 592 et
730 536 852 607 honesta
873 533 948 591 sint:

157 632 244 690 telem
267 633 394 690 enimet
415 632 522 689 sentire
546 633 654 690 bonum
675 631 780 701 civem,
801 641 831 687 et
851 629 950 688 dicere

124 728 292 791 molemus.
332 727 483 809 Peregrini
508 737 608 785 ¹autem
632 736 662 784 et
689 726 793 784 incolae
818 726 950 783 officium

157 835 210 896 est,
225 825 297 882 nibil
311 834 414 901 proter
436 823 521 881 suum
542 824 694 900 negotium
715 842 810 898 agere,
825 822 897 879 nihil
913 821 950 878 de

158 921 253 979 alieno
276 921 437 996 anquirere,
452 920 628 995 minimoque
650 919 680 977 in
703 919 799 977 aliene
821 938 885 976 esse
907 936 951 974 re·
979 930 983 934 ’

156 1017 275 1094 publice
294 1017 449 1077 curiosum.
491 998 538 1075 Ite
560 1017 619 1074 sere
640 1016 738 1073 officia
759 1015 948 1090 reperientur,

156 1132 225 1172 cum
246 1123 399 1189 queretur,
419 1113 488 1188 quid
511 1114 625 1182 decent,
646 1122 676 1169 et
698 1112 767 1187 quid
793 1121 890 1186 aptum
913 1111 951 1167 sit

110 1223 142 1273 lt)
156 1211 299 1287 personis,
310 1209 498 1285 temporibus,
510 1209 651 1277 aetatibus.
693 1207 776 1265 Nihil
787 1218 831 1265 est
839 1218 950 1277 nutem,

157 1307 234 1382 quod
245 1317 304 1364 tam
315 1306 427 1376 deceat,
437 1324 534 1380 quam,
550 1306 580 1363 in
594 1288 674 1363 omni
688 1324 720 1362 re
731 1305 869 1382 gerendi,
882 1322 952 1362 con-

157 1403 279 1478 silioque
293 1401 445 1479 cupiendo,
461 1419 575 1461 servare
589 1401 791 1460 constentiam.
963 1391 965 1393 ¹

197 1596 328 1656 XXXV.
351 1597 420 1669 Sed,
429 1598 566 1673 quoniam
581 1597 720 1655 decorum
732 1595 802 1652 illud
817 1595 847 1653 in
858 1595 954 1654 omni·

157 1694 212 1753 bus
232 1694 316 1752 fectis
329 1704 359 1751 et
372 1694 468 1765 dictis,
483 1694 514 1751 in
534 1692 662 1769 corporis
682 1692 807 1768 denique
826 1703 907 1750 motu
921 1704 954 1750 et

65 1793 71 1804 '
111 1798 142 1847 15
157 1801 245 1860 statu,
259 1790 400 1861 cernitur,
415 1789 503 1865 idque
516 1791 643 1865 positum
656 1800 700 1847 est
715 1790 744 1846 in
757 1789 850 1846 tribus
863 1790 954 1846 rebus

159 1886 360 1960 (formositate,
374 1886 486 1956 ordine,
499 1896 603 1945 ornatu
627 1886 662 1943 ad
686 1886 833 1944 actionem
856 1887 951 1965 apto),

159 1982 327 2041 difficilibus
336 1982 575 2057 ndeloquendum
583 1982 787 2060 (sedeatiserit
796 1983 936 2062 intelligi)
943 2004 951 2054 ;

158 2080 189 2139 iu
204 2078 360 2136 bisantem
373 2062 467 2139 tribus
481 2081 647 2139 continetur
662 2099 733 2137 cura
747 2079 833 2136 etiarn
849 2079 908 2150 illa,
919 2089 953 2137 ut

158 2176 310 2252 probemur
320 2175 367 2247 iis,
378 2177 562 2250 quibuscum,
574 2177 648 2253 apud
659 2194 798 2251 quosque,
807 2176 938 2233 vivamus
945 2199 954 2247 ;

111 2282 143 2332 20
159 2272 204 2330 his
217 2291 331 2348 quoque
345 2274 381 2330 de
397 2274 481 2330 rebus
495 2292 590 2348 pauca
604 2273 746 2330 dicantur.

198 2362 356 2445 Principio,
372 2370 501 2445 corporis
512 2370 605 2426 nostri
620 2389 756 2446 magnam
770 2380 874 2428 natum
890 2371 954 2446 ipsa

159 2465 270 2523 videtur
282 2466 415 2525 habuisse
427 2466 586 2536 rationem3
608 2486 672 2540 quae
682 2466 801 2524 sormam
812 2477 953 2537 nostram,

159 2561 356 2636 reliquamque
370 2561 502 2638 figurem,
518 2563 547 2619 in
562 2562 619 2636 quii
633 2573 709 2619 esset
723 2563 835 2638 species
850 2563 955 2620 hones·

158 2667 198 2728 ta,
221 2676 286 2715 earn
302 2659 404 2734 posuit
426 2656 455 2715 in
477 2669 630 2734 promptu:
655 2679 719 2734 quae
739 2670 835 2735 partes
856 2670 954 2718 autern

111 2764 143 2816 25
159 2752 298 2833 corporis,
318 2755 354 2813 ad
374 2765 484 2813 neturae
504 2755 707 2814 necessitatem
729 2757 812 2828 date,
834 2757 956 2833 adspec-

159 2861 221 2910 tum
243 2862 343 2909 eseent
366 2852 525 2928 deformem
553 2853 703 2910 habiturae‘
718 2864 803 2929 utque
828 2864 953 2930 turpem,

159 2967 209 3013 eur
229 2947 358 3020 contexit
386 2960 470 3024 etque
492 2950 611 3009 abdidit,
653 2950 871 3015 Hanc-nuturae
892 2962 954 3009 tam
