2200 3492
96 206 161 266 en]
385 202 429 251 on
448 202 595 250 osricus.
892 194 946 253 212

92 352 231 427 rendique
246 350 347 424 officii,
360 349 458 427 plures
471 350 566 409 solent
579 370 643 410 esse
658 371 761 411 causae.
795 352 826 411 N
829 372 884 427 em,

92 459 138 506 ant
147 449 328 520 inimicitias,
341 458 390 506 aut
398 448 535 520 laborem,
543 459 592 506 aut
598 459 730 526 sumptus
738 451 885 528 suscipere

91 546 208 616 nolunt;
232 556 280 602 aut
301 545 390 602 etiam
411 544 599 622 negligentiis,
619 546 747 623 pigritia,
769 547 883 619 inertia,

92 653 138 700 aut
160 642 222 700 suis
243 642 349 700 studiis
366 641 537 717 quibusdam
552 642 827 718 occupationibusve
841 644 884 702 sic

91 738 295 815 impediuntur,
311 747 345 795 ut
358 755 418 809 eos,
430 756 501 813 quos
511 738 598 796 tutari
609 739 743 811 debeant,
755 740 884 799 desertos
897 749 914 797 5

91 854 151 892 esse
165 836 320 910 patiantur.
363 833 464 911 Itaque
478 834 633 893 videndum
647 848 702 909 est,
713 855 751 894 ne
765 855 825 909 pon
839 857 884 895 sa-

89 932 126 989 tis
139 933 177 990 sit
192 931 232 1004 id,
243 932 320 1007 quod
336 929 412 1007 apud
426 931 577 989 Platonem
593 942 637 991 est
652 934 681 991 in
695 934 884 1010 philosophos

91 1029 217 1107 dictum:
248 1028 327 1104 quod
349 1028 379 1085 in
401 1027 460 1085 veri
483 1028 704 1107 investigatione
723 1041 883 1102 versentur,

88 1125 221 1202 quodque
243 1144 289 1197 ea,
302 1144 367 1201 quae
387 1125 516 1201 plerique
530 1126 713 1185 vehementer
735 1138 882 1205 expetunt.

89 1223 123 1280 de
142 1223 251 1297 quibus
264 1222 340 1280 inter
354 1242 385 1280 se
398 1222 550 1299 digladiari
567 1224 670 1297 solent,
685 1235 882 1297 contemnant,
899 1230 937 1289 ¹⁰,

88 1331 115 1377 et
128 1338 184 1395 pro
199 1316 292 1376 nihilo
305 1319 424 1391 ducant,
434 1330 587 1396 propterea
597 1321 691 1397 justos
705 1340 776 1379 esse.
804 1320 834 1378 N
837 1340 882 1377 am

89 1416 211 1475 alterum
223 1414 342 1490 justitiae
356 1433 448 1492 genus
463 1426 665 1491 assequuntur,
680 1416 832 1474 inserenda
846 1436 883 1473 ne

89 1511 136 1569 cui
153 1520 282 1569 noceant
300 1510 422 1588 injuriat:
443 1511 475 1569 in
494 1511 615 1569 alterum
634 1511 775 1570 incidunt.
817 1511 883 1569 Dis-

89 1607 176 1665 cendi
198 1606 275 1664 enim
297 1607 394 1664 studio
415 1607 557 1684 impediti,
577 1625 650 1682 quos
669 1607 744 1664 tueri
764 1607 882 1677 debent,

88 1705 235 1762 deserunt.
271 1702 379 1780 ltaque
393 1722 443 1765 eos
459 1705 494 1762 ad
513 1704 720 1781 rempublicam
736 1723 772 1762 ne
788 1722 884 1760 acces·
899 1715 929 1763 15

89 1820 171 1859 suros
185 1800 302 1877 quidem
315 1796 427 1876 putant,
438 1801 496 1861 nisi
510 1812 645 1859 coactos:
667 1801 776 1877 aequius
788 1811 884 1859 autem

89 1910 150 1957 erat
164 1897 195 1955 id
205 1898 354 1956 voluntate
365 1898 427 1956 lieri
440 1917 446 1955 :
467 1917 534 1956 nam
546 1899 604 1955 hoc
615 1897 708 1973 ipsum
722 1897 764 1955 ita
774 1897 883 1973 justum

89 2005 142 2066 est,
156 1996 234 2071 quod
248 2004 329 2053 recte
342 1995 385 2067 fit,
399 1995 424 2053 si
437 2005 481 2052 est
494 1993 695 2053 voluntarium.

129 2093 206 2150 Sunt
221 2093 320 2165 etiam,
335 2091 395 2168 qui,
412 2102 460 2150 aut
473 2091 570 2150 studio
583 2090 626 2148 rei
641 2090 790 2149 familiaris
802 2100 885 2147 tuen-

90 2189 143 2262 dae,
154 2200 204 2247 aut
214 2189 284 2249 odio
295 2189 418 2266 quodam
429 2189 589 2259 hominum,
599 2207 682 2245 suum
693 2206 724 2244 se
735 2187 883 2264 negotium
898 2200 929 2249 20

92 2305 177 2364 agere
190 2286 301 2359 dicant,
316 2304 354 2343 ne
375 2286 470 2345 facere
491 2285 626 2361 cuiquam
641 2284 791 2341 videantur
813 2283 885 2359 inju·
936 2346 939 2351 ,

91 2385 180 2453 riam;
204 2382 255 2458 qui
281 2382 370 2440 altero
398 2381 545 2458 injustitiae
572 2398 680 2457 genere
702 2389 823 2449 vacant;
855 2379 888 2436 in

92 2466 212 2538 alterum
228 2480 388 2537 incurrunt.
429 2477 575 2536 Desernnt
593 2477 670 2534 enim
686 2475 750 2533 vitae
764 2475 892 2557 societag

92 2586 160 2647 tem,
176 2576 246 2652 quia
258 2575 331 2632 nihil
342 2576 496 2633 conserunt
506 2574 536 2630 in
548 2592 612 2631 eam
624 2562 722 2643 studii,
732 2571 804 2629 nihil
819 2591 885 2647 ope·

93 2692 139 2745 rae,
154 2673 229 2732 nihil
245 2671 422 2729 facultatum.
899 2675 932 2724 25

128 2769 283 2835 Quoniam
310 2767 407 2844 igitur,
429 2766 543 2824 duobus
563 2764 718 2842 generibus
739 2763 886 2841 injustitiae

93 2865 257 2945 propositis,
275 2863 457 2939 adjunximus
478 2881 581 2921 causas
600 2860 748 2936 utriusque
762 2859 886 2937 generis,

95 2983 199 3041 easque
214 2980 261 3020 res
276 2970 342 3021 ante
354 2959 567 3031 constituimus,
579 2957 683 3034 quibus
695 2955 807 3035 justitia
820 2974 888 3012 con-
