2200 3492
170 223 225 282 172
499 232 543 279 oa
565 230 713 279 osricus.
909 229 1005 291 [nnn

252 378 335 437 xvl.
358 380 405 438 Ao
419 380 456 437 de
467 379 530 457 jure
542 380 658 455 quidem
671 380 844 456 praediorum
859 379 1006 437 sancitum

213 486 257 534 est
282 478 357 552 apud
380 494 433 534 nos
454 478 519 553 jure
542 476 630 549 civili,
652 486 693 548 ut,
715 476 746 534 in
770 476 814 533 his
834 476 1004 548 vendendis,

214 572 283 630 vitis
316 573 491 645 dicerentur,
522 592 587 648 quae
619 586 689 632 nota
721 581 818 629 essent
851 571 1004 630 venditori.

214 667 302 739 Nam,
316 688 383 727 oum
397 688 434 726 ex
446 668 509 727 XII
524 669 630 727 tabulis
644 668 714 725 satis
727 679 803 725 esset
816 687 852 725 ea
863 668 1004 743 praestari,

181 779 198 826 5
214 783 277 840 quae
292 775 388 824 essent
407 765 507 843 lingui
527 774 704 842 nuncupata,
718 783 782 839 quae
795 764 844 839 qui
859 764 1006 822 inficiatus

172 889 173 893 ,
214 871 300 932 esset,
328 861 408 938 dupli
436 881 555 938 poenam
590 862 715 932 subiret3
752 879 769 918 a
798 861 1006 936 jureconsultis

214 957 301 1016 etiam
315 957 475 1016 reticentiae
488 977 574 1034 prena
587 968 632 1015 em
645 957 810 1015 constituta.
851 955 1006 1032 Quidquid

214 1054 292 1112 enirn
325 1065 401 1112 esset
428 1054 459 1112 in
484 1054 594 1131 praedio
621 1054 693 1126 vitii,
721 1054 750 1111 id
779 1063 952 1124 statuerunt,
980 1053 1006 1110 si

214 1150 345 1208 venditor
372 1150 470 1222 sciret,
497 1151 554 1208 nisi
581 1150 752 1209 nominatim
779 1150 890 1207 dietum
918 1159 1004 1222 esset,

168 1251 198 1302 10
213 1247 343 1323 praestari
365 1257 506 1322 oportere.
547 1247 597 1319 Ut,
620 1266 687 1305 oum
710 1248 740 1304 in
763 1266 830 1305 aree
852 1247 1006 1324 augurium

215 1362 338 1421 augures
352 1344 445 1403 acturi
458 1354 564 1416 essent,
577 1344 784 1420 jussissemque
797 1343 835 1401 T.
848 1343 1006 1401 Claudium
1042 1394 1043 1397 ,

214 1440 429 1513 Centumalum,
444 1441 492 1517 qui
507 1440 585 1499 redes
598 1441 629 1498 in
642 1438 734 1498 Caelio
752 1450 851 1498 monte
870 1440 1005 1513 habebat,

213 1538 347 1597 demoliri
366 1556 411 1611 ea,
426 1555 548 1613 quorum
567 1537 689 1595 altitudo
706 1537 835 1594 officeret
850 1537 1005 1614 auspiciis,

213 1635 355 1695 Claudius
382 1634 550 1711 proscripsit
579 1634 720 1691 insulam:
754 1634 900 1692 vendidit:
934 1634 1006 1693 emit
1054 1641 1061 1655 '

169 1736 199 1787 15
214 1732 248 1789 Pi
281 1731 457 1807 Calpurnius
477 1730 649 1789 Lanarius:
684 1729 754 1788 huie
784 1731 819 1789 ab
847 1731 1006 1808 auguribus

214 1824 285 1884 illud
306 1825 383 1883 idem
404 1825 605 1884 denuntiatum
619 1835 671 1884 est.
711 1825 815 1902 Itaque
829 1826 1006 1902 Calpurnius

214 1941 282 1981 cum
308 1921 464 1981 demolitus
489 1931 575 1993 esset,
601 1921 823 1999 cognossetque,
848 1923 1005 1981 Claudiurn

214 2018 290 2077 aedea
303 2027 404 2094 postea
416 2017 729 2094 proscripsissequam
750 2028 826 2076 esset
841 2020 876 2076 ab
891 2020 1007 2096 auguri·

214 2117 268 2175 bus
301 2114 431 2173 demoliri
465 2115 572 2191 jussus,
607 2116 745 2173 arbitrum
782 2116 863 2172 illum
898 2117 1005 2193 adegit,

167 2219 199 2269 20
215 2211 382 2288 “quidquid
409 2210 465 2269 sibi
484 2210 563 2283 dare,
585 2212 691 2283 facere,
714 2222 858 2286 oporteret
885 2231 921 2270 ex
948 2213 1006 2270 fide

214 2310 320 2367 bond.’'
362 2307 404 2364 M.
419 2308 494 2366 Cato
515 2308 687 2365 sententiam
708 2309 790 2379 dixit,
808 2309 892 2385 hujus
913 2311 1006 2368 nostri

214 2406 334 2465 Catonis
344 2415 436 2481 pater:
453 2404 499 2482 (ut
509 2405 585 2461 enim
596 2406 693 2462 ceteri
702 2424 738 2462 ex
745 2406 882 2482 patribus,
891 2406 935 2463 sio
944 2407 1004 2479 hio,

214 2503 263 2578 qui
283 2502 380 2560 lumen
402 2502 473 2559 illud
493 2502 656 2577 progenuit,
672 2522 707 2559 ex
720 2503 780 2559 filio
794 2513 838 2560 est
855 2502 1007 2561 nominan-

215 2598 293 2677 dus.)
336 2598 366 2655 ls
386 2598 473 2675 igitur
492 2596 581 2673 judex
601 2597 642 2655 ita
658 2599 871 2675 pronuntiavit:
892 2618 958 2655 eum
975 2600 1006 2657 in

167 2703 202 2753 25
215 2694 415 2751 venumdando
438 2713 498 2750 rem
523 2713 586 2751 eam
611 2695 723 2766 scisset,
744 2706 774 2753 et
797 2715 855 2753 non
880 2714 1007 2772 pronun·

214 2789 325 2859 tidss'et,
337 2788 459 2864 emptori
474 2789 610 2847 damnum
625 2791 753 2865 praestari
767 2802 905 2866 oportere.
947 2790 1006 2868 Igi-

214 2896 261 2945 tur
290 2884 326 2942 ad
342 2883 438 2941 ,fidem
466 2884 572 2941 bonam
600 2886 699 2943 statuit
725 2887 878 2961 pertinere,
902 2897 1004 2946 notum

174 2965 178 2970 ⁴
214 2999 278 3039 esse
292 2978 413 3058 emptori
427 2979 538 3052 vitium,
553 2981 627 3057 quod
642 2980 740 3038 nosset
752 2981 893 3039 venditor.
