2200 3492
88 195 183 257 nun]
381 197 424 242 nn
446 196 592 243 osricus.
871 185 928 242 ld5

89 363 213 403 annonae
235 343 372 416 caritate3
395 345 418 401 si
433 344 509 402 idem
530 344 613 416 sciat,
629 343 792 421 complures
809 361 882 401 mer·

90 452 203 498 catores
225 441 403 499 Alexandri&
423 441 551 514 solvisse,
568 460 711 515 navesque
732 441 879 515 incursu,

90 537 235 595 frumento
262 548 390 609 onustas,
417 548 548 613 petentes
581 537 732 607 Rhodum,
760 537 878 607 viderit3

88 633 258 692 dicturusne
292 636 328 693 sit
355 635 383 691 id
414 630 553 705 Rhodiis,
581 653 616 691 an
647 633 763 691 silentio
796 653 879 691 suum

87 732 309 808 quamplurimo
321 731 505 788 venditurus?
547 731 714 806 Sapientem
728 741 757 787 et
771 731 878 788 bonum
893 735 910 783 5

88 828 180 885 virum
208 828 359 905 fingimus:
388 828 424 885 de
445 827 506 903 ejus
533 827 740 891 deliberatione
761 838 790 885 et
811 846 879 884 con-

88 924 244 982 sultatione
265 925 427 1001 quaerimus,
442 925 491 1000 qui
512 925 657 982 celaturus
673 923 805 982 Rhodios
819 942 878 981 non

88 1020 135 1092 sit,
157 1021 181 1078 si
203 1021 231 1077 id
253 1033 337 1097 turpe
354 1021 483 1098 judicet3
511 1022 562 1079 sed
583 1020 705 1091 dubitet,
726 1031 809 1097 turpe
830 1021 877 1092 sit,

89 1137 124 1175 an
139 1118 257 1186 nonsit.
611 1120 614 1123 ’
713 1132 716 1135 ’

127 1213 162 1271 In
177 1214 340 1290 hujusmodi
356 1213 462 1285 causis,
477 1214 555 1271 aliud
576 1214 702 1291 Diogeni
716 1213 878 1290 Babylonio
894 1215 923 1265 1⁰

87 1309 180 1367 videri
200 1311 283 1382 solet,
299 1330 403 1388 magno
423 1320 452 1368 et
472 1311 551 1388 gravi
573 1312 686 1383 Stoico,
702 1311 779 1368 aliud
794 1311 879 1368 Anti·

87 1418 180 1483 patro,
195 1407 338 1484 discipulo
358 1407 429 1487 ejus,
445 1406 556 1464 homini
578 1407 752 1465 acutissimo.
794 1407 879 1471 Anti·

86 1513 179 1579 patro,
201 1504 300 1561 omnia
319 1503 531 1580 patefacienda,
550 1513 582 1561 ut
602 1523 639 1561 ne
659 1503 727 1580 quid
749 1504 877 1575 omnino,

88 1601 164 1675 quod
187 1599 317 1676 venditor
338 1599 425 1672 ndrit,
446 1610 558 1675 emptor
583 1599 712 1676 ignoret:
741 1598 877 1676 Diogeni,

88 1696 277 1769 venditorem,
292 1696 434 1771 qudtenus
451 1698 515 1772 jure
536 1689 614 1765 civili
629 1697 815 1753 constitutum
831 1697 877 1768 sit,
893 1701 924 1749 15

87 1791 186 1849 dicere
201 1792 270 1849 vitia
283 1802 432 1867 oportere:
455 1801 561 1873 oaetera
573 1790 636 1848 sine
649 1791 762 1849 insidiis
777 1811 876 1869 agere:

87 1897 126 1959 et,
140 1888 276 1964 quoniam
297 1888 411 1960 vendat,
428 1888 499 1945 velle
515 1904 601 1963 quam
621 1888 729 1964 optime
743 1889 876 1947 vendere.

87 1984 212 2056 Adrexi,
227 1985 354 2067 exposui,
369 1985 461 2042 vendo
481 2004 577 2042 meum
598 2004 656 2043 non
676 1985 775 2060 pluris,
790 2005 876 2060 qnam

88 2081 203 2139 caeteri:
232 2074 350 2139 fortasse
370 2081 456 2139 etiam
478 2080 608 2153 minoris,
630 2096 695 2138 cum
721 2083 812 2157 major
832 2092 876 2139 est

87 2178 181 2254 copia.
236 2177 293 2234 Cui
326 2177 358 2234 fit
390 2177 513 2253 injuria?
569 2177 702 2234 Exoritur
730 2177 878 2252 Antipatri
891 2183 923 2232 20

86 2274 162 2332 ratio
182 2273 329 2331 exalteris
348 2282 445 2348 parte:
466 2272 549 2337 Quid
566 2273 628 2329 aisi
649 2282 690 2344 tu,
705 2292 771 2329 cum
787 2273 878 2329 homi-

87 2370 174 2428 nibus
208 2369 358 2427 consulere
392 2370 507 2439 debeas,
541 2378 571 2425 et
604 2368 711 2424 servire
744 2367 877 2425 humanae

87 2464 231 2534 societati,
256 2467 348 2541 edque
375 2458 440 2542 lege
467 2475 552 2523 natus
579 2465 628 2535 sis,
653 2474 682 2521 et
707 2483 744 2523 ea
770 2464 877 2522 habeas

85 2562 231 2639 principia
253 2573 372 2633 naturae,
394 2561 497 2636 quibus
523 2579 635 2639 parere,
657 2569 687 2616 et
709 2580 771 2636 quae
795 2561 877 2635 sequi

87 2659 205 2729 debeas,
233 2667 266 2715 ut
292 2658 399 2715 utilitas
426 2659 475 2714 tua
503 2655 666 2714 communis
693 2657 802 2714 utilitas
829 2658 875 2728 sit,
891 2670 923 2719 25

87 2754 272 2829 vicissimque
300 2754 461 2810 communis
488 2754 597 2811 utilitas
622 2763 673 2810 tua
696 2754 743 2824 sit,
769 2754 877 2810 celabis

11 2892 15 2901 ·
86 2851 230 2922 homines,
246 2849 314 2925 quid
336 2849 371 2906 iis
393 2848 467 2906 adsit
487 2849 700 2907 commoditatis
718 2860 748 2907 et
765 2850 878 2926 copioet

13 2930 16 2939 Ι
87 2944 292 3024 Respondebit
318 2946 467 3023 Diogenes
494 2945 613 3004 fortasse
640 2946 693 3019 sic,
713 2926 808 3008 'Aliud
835 2956 879 3002 est
