2200 3492
97 193 126 243 1„ss
135 197 193 264 ru]
390 189 434 245 m:
455 183 601 246 ossicus.
880 182 937 241 195

95 364 173 422 srepe
187 365 255 404 oum
270 348 352 406 hoste
366 347 514 405 servanda.
554 346 646 409 Quod
659 346 737 403 enim
756 345 797 404 ita
813 346 890 424 jura·

95 452 158 499 tum
178 455 233 516 est,
256 455 287 503 ut
307 465 388 502 mens
414 445 583 519 conciperet
609 443 671 501 fieri
698 454 837 519 oportere,
859 444 887 501 id

95 542 269 598 servandum
291 552 350 600 est:
378 543 454 618 quod
482 542 574 611 aliter,
596 541 625 597 i'd
646 541 670 598 si
691 561 749 598 non
773 542 886 613 feceris,

94 637 210 694 nullum
224 648 268 695 est
282 639 436 715 perjurium
448 648 517 710 fut,
532 639 556 695 si
570 639 753 713 praedonibus
771 654 888 714 pactum

93 749 150 809 pro
171 736 266 811 capite
286 736 409 811 pretium
423 755 482 793 nou
498 735 635 806 attuleris,
650 735 730 793 nulla
743 736 820 793 fraus
834 745 891 816 est,
904 746 919 795 5

95 849 134 888 ne
147 831 173 887 si
184 830 296 906 juratus
313 833 428 907 quidem
444 832 473 888 id
487 849 545 888 non
567 817 687 889 seceris:
708 851 774 890 nam
785 824 889 907 ‘pirata
938 843 941 849 ‘

94 945 157 985 non
184 937 228 984 est
248 947 284 984 ex
303 928 493 1003 perduellium
520 947 642 985 numero
669 928 814 999 delinitus,
837 928 900 986 sed‘

95 1024 262 1081 eommunis
282 1023 373 1082 hostis
393 1025 531 1082 omnium.
573 1025 648 1082 Cum
668 1025 725 1082 hoo
743 1044 799 1083 neo
816 1026 888 1083 fides

94 1121 194 1193 debet,
215 1140 271 1179 neo
295 1122 495 1198 jusjurandum
516 1141 579 1179 esse
601 1141 764 1179 commune.
817 1119 888 1179 Non

94 1218 177 1275 enim
199 1211 300 1276 fulsum
318 1219 424 1295 jurare,
438 1219 585 1295 perjurare
605 1232 665 1276 est:
686 1219 747 1291 sed,
762 1219 838 1295 quod
852 1238 889 1277 ex
904 1227 935 1276 10

97 1313 189 1371 animi
209 1314 252 1372 tui
271 1315 415 1372 senteutid
432 1315 546 1391 jursiris,
562 1316 637 1374 siout
650 1306 745 1374 verbis
762 1315 888 1392 oon'oipi·

95 1420 145 1468 tur
166 1427 246 1468 more
266 1421 375 1484 nostro,
397 1412 426 1469 id
447 1431 506 1469 non
531 1413 637 1484 faeere,
656 1412 814 1490 'perjurium
836 1421 905 1469 est.‘

96 1508 180 1566 Seite
193 1509 271 1566 enim
286 1508 457 1586 Euripides:
589 1497 594 1502 ’

120 1645 123 1652 ’
204 1660 220 1687 “
228 1657 316 1707 Jursvi
326 1657 424 1725 lingui,
435 1633 545 1716 merrtem
556 1658 690 1730 injuratum
700 1659 785 1724 ψοζ’

95 1793 233 1871 Regulus
247 1801 314 1853 vero
328 1816 387 1854 nou
409 1797 508 1855 debuit
528 1796 712 1855 conditiones
731 1798 936 1874 pactiones-15
986 1867 988 1878 Α

96 1907 156 1967 que
190 1893 313 1958 bellicas
342 1906 371 1950 et
404 1894 522 1956 hostiles
554 1895 722 1970 perturbare
753 1891 888 1973 perjurio.

96 1989 176 2045 (lum
193 1989 271 2065 justo
284 1990 362 2047 enim
377 2001 406 2048 et
419 1989 549 2067 legitimo
563 1992 645 2049 hoste
659 1991 888 2072 res'gereltatu13

99 2085 237 2144 adversus
261 2101 345 2160 quem
370 2096 399 2143 et
422 2096 513 2144 totum
539 2087 586 2163 jus
611 2087 723 2158 feciale,
748 2098 777 2145 et
801 2087 891 2144 multa

98 2192 169 2240 sunt
190 2183 255 2259 jura
276 2183 448 2241 eommunia.
496 2184 588 2245 Quod
607 2184 638 2241 ui
657 2184 698 2240 ita
719 2194 803 2254 esset,
818 2203 890 2240 uun-

98 2297 186 2354 quam
208 2279 304 2336 olaros
316 2279 392 2336 viros
411 2290 527 2337 senatus
539 2280 653 2340 vinctos
667 2277 798 2337 hostibus
812 2277 890 2336 dedi·
905 2281 938 2331 20

97 2376 198 2434 disset.

139 2565 242 2645 XXX.
264 2568 305 2625 At
318 2589 385 2628 vero
398 2569 435 2627 Τ.
447 2569 595 2646 Veturius,
611 2578 640 2626 et
654 2568 702 2643 Sp.
717 2563 891 2638 Postumius,

101 2681 170 2721 oum
198 2662 302 2721 iterum
330 2666 468 2722 eonsules
491 2674 597 2735 essent,
622 2663 699 2739 quia,
724 2681 790 2720 cum
817 2660 893 2719 male

98 2771 258 2837 pugnatum
282 2761 357 2837 apud
378 2760 522 2818 Caudium
544 2769 629 2830 esset,
647 2758 809 2835 legionibus
829 2775 893 2813 nos·

100 2854 153 2912 tris
173 2857 227 2913 sub
251 2856 354 2933 jugum
377 2854 481 2924 missis,
501 2871 604 2929 paoem
625 2871 693 2911 oum
716 2847 940 2910 Samnitibus&

102 2948 242 3025 seruam,
264 2947 355 3008 dediti
378 2957 446 3007 sunt
469 2948 531 3007 his:
560 2948 669 3024 injusso
695 2947 772 3031 enini
795 2943 894 3024 populi
