2200 3492
67 226 149 290 un]
359 230 401 278 na
420 230 566 278 ormena
869 221 906 280 91

68 378 210 452 inrisum
233 381 438 459 mirenturque,
459 381 490 440 iu
510 381 546 439 ed
567 391 679 439 tantum
699 399 746 439 me
766 394 861 458 operas

67 486 93 534 et
113 478 255 554 temporis
274 492 393 555 ponere.
434 478 500 557 Ego
522 489 628 552 auteur,
648 477 786 556 quamdiu
803 497 862 537 res·

66 575 185 650 publica
209 595 261 653 por
281 594 333 633 eos
352 576 506 654 gerebatur
526 575 632 652 quibus
651 594 683 633 se
702 575 766 652 ipsa
785 593 862 635 com-

65 671 194 744 miserat,
215 688 320 730 omnes
346 691 427 731 meas
452 688 539 730 ouras
563 672 810 750 cogitationesque
829 671 861 731 in

66 786 126 826 eam
153 769 360 827 conferebam:
392 788 459 828 cum
483 769 579 827 autem
603 768 752 827 dominatu
774 768 894 827 unius5

65 865 162 924 omnia
182 875 363 938 tenerentur,
385 885 478 942 nsque
501 876 579 924 esset
598 885 719 942 usquam
739 866 863 926 oonsilio

66 972 112 1020 aut
140 962 312 1021 auctoritati
338 963 437 1034 locus,
475 963 571 1021 socios
597 962 721 1039 denique
747 962 862 1022 tuendae

66 1058 248 1136 reipublicae,
268 1078 398 1118 summos
420 1059 507 1132 viros,
529 1058 704 1132 amisissem3
732 1078 788 1117 nec
814 1078 862 1117 ms

67 1157 229 1233 angoribus
253 1155 362 1229 dedidi,
383 1155 603 1232 quibusessem
622 1156 784 1228 confectus,
805 1155 862 1214 nisi

68 1250 101 1310 iis
132 1253 328 1324 restitissem
361 1271 417 1311 nec
442 1268 558 1311 rursum
589 1252 718 1331 indignis
744 1252 861 1313 homine
879 1263 910 1313 10

68 1347 151 1408 docto
167 1349 372 1426 voluptatibus.

105 1446 208 1522 Atque
228 1446 339 1504 utinam
359 1444 523 1523 respublica
542 1446 678 1518 stetisset,
692 1464 751 1522 quo
769 1464 876 1522 corpe--
906 1478 909 1485 ⁴

68 1553 119 1615 rat,
133 1552 225 1616 statu,
239 1558 296 1602 neo
316 1543 347 1602 in
367 1544 508 1616 homines,
523 1562 584 1602 non
604 1552 663 1601 tam
683 1553 862 1601 commutan-

70 1638 168 1699 darum
191 1658 300 1713 rerum,
319 1659 406 1717 quam
429 1639 649 1699 evertendarum
670 1638 799 1715 cupidos,
820 1639 863 1696 in·

72 1736 205 1797 uidisset!
261 1737 390 1796 Primum
410 1736 506 1810 enim,
533 1747 566 1794 ut
593 1746 687 1794 stante
713 1736 862 1813 republica
880 1747 910 1796 15

72 1832 164 1893 facere
201 1835 375 1907 solebamus,
403 1835 434 1892 in
468 1834 582 1912 agendo
615 1833 689 1909 plus,
717 1850 803 1909 qnam
832 1833 863 1891 in

72 1930 235 2005 scribendo,
246 1949 340 2007 operte
352 1949 543 2007 poneremus:
565 1930 681 2002 deinde,
692 1929 761 2006 ipsis
775 1930 864 2006 scrip-

73 2027 108 2087 tis
132 2048 194 2088 non
221 2047 259 2086 ea
284 2047 348 2105 quas
374 2046 464 2101 nunc,
489 2028 543 2089 sed
577 2027 707 2086 actiones
740 2038 862 2100 nostras,

74 2126 285 2197 mandaremus,
312 2134 345 2183 ut
368 2132 448 2204 saepe
474 2124 604 2183 facimus.
659 2124 734 2182 Cum
767 2135 862 2183 autem

74 2223 245 2299 respublica,
266 2222 296 2280 in
315 2221 373 2297 qud
399 2221 495 2279 omnis
521 2239 588 2279 mea
613 2239 693 2293 cura,
714 2221 862 2297 cogitatio,
878 2230 910 2279 20

74 2337 166 2394 opera,
196 2319 266 2395 poni
292 2319 413 2390 solebat,
440 2317 521 2376 nulia
546 2327 624 2375 esset
652 2318 780 2388 omnino,
808 2316 863 2374 illa

76 2414 185 2474 scilicet
206 2417 296 2474 litera
317 2415 532 2487 conticuerunt,
554 2414 683 2472 forenses
703 2423 732 2470 et
752 2428 864 2471 senato-

77 2510 129 2570 ria.
171 2512 256 2571 Nihil
272 2531 357 2590 agere
372 2521 467 2570 autem
478 2530 546 2570 cunr
558 2511 671 2569 animus
683 2528 743 2568 non
756 2520 863 2586 posset,

78 2605 168 2668 inhia
189 2608 293 2671 studiis
314 2610 350 2666 ab
370 2608 456 2667 initio
476 2617 606 2666 versatus
633 2606 741 2678 aetatis,
768 2607 865 2665 existi-

79 2706 158 2779 mari,
173 2704 377 2764 honestissime
391 2705 540 2763 molestias
550 2722 634 2780 posse
648 2703 765 2779 deponi,
779 2703 804 2761 si
817 2722 864 2761 me
879 2708 911 2757 25

80 2801 111 2857 ad
127 2802 341 2880 philosophiam
361 2801 531 2860 retulissem.
573 2799 632 2858 Cui
651 2819 720 2858 cum
743 2800 864 2859 multum

81 2895 254 2972 adolescens,
269 2898 401 2957 discendi
414 2899 513 2970 oausd,
526 2896 666 2974 temporis
683 2896 864 2964 tribuissem3

80 2982 278 3074 posteaquam
305 2995 464 3055 honoribus
491 2994 629 3053 inservire
656 2992 742 3069 coepi,
762 3007 865 3065 meque
