2200 3492
134 165 174 225 53
475 168 518 214 na
538 169 684 215 osricus
904 171 944 232 [a.
955 173 975 220 1.

222 320 340 381 XXIX.
360 318 466 389 Omnis
487 329 584 377 autem
606 321 682 379 actio
700 339 804 378 vacare
825 322 914 383 debet
931 334 974 381 te·

182 416 551 495 meritateetnegligentiai3
566 435 623 475 neo
633 436 700 474 vero
710 436 795 494 agere
808 419 973 495 quicquam,

182 516 265 592 cujus
291 533 351 573 non
378 513 468 589 possit
492 531 610 579 causam
636 514 815 590 probabilem
840 517 973 574 reddere.

184 612 258 670 Haeo
277 622 321 668 est
342 610 419 669 enirn
440 610 500 666 sere
523 609 679 685 descriptio
698 611 796 670 officii.
838 612 976 671 Efficien-

150 709 252 766 5du1n
280 718 376 765 autern
404 717 457 777 est,
478 716 511 763 ut
534 707 677 783 appetitus
697 708 803 765 rationi
826 710 974 783 obediant,

183 823 304 883 eamque
317 820 412 878 neque
425 812 612 878 praecurrant,
622 822 689 875 nec,
700 815 815 880 propter
828 806 975 882 pigritiam

185 912 234 960 aut
248 900 402 978 ignaviam,
418 899 568 969 deseraot3
589 899 704 975 sintque
718 902 876 976 tranquilli,
888 913 975 979 atque

183 998 262 1059 omni
283 995 498 1072 perturbatione
517 995 606 1053 animi
626 1007 761 1055 careant:
783 1017 819 1055 ex
838 984 894 1073 quo
914 999 976 1073 elu-

183 1093 261 1151 cebit
292 1092 386 1151 omnis
421 1092 593 1164 constantia,
618 1093 770 1170 omnisque
804 1078 974 1154 moderatio.

137 1202 167 1250 10
181 1190 259 1247 Nam
281 1190 331 1264 qui
353 1189 496 1264 appetitus
515 1188 630 1266 longius
650 1201 819 1267 evagantur,
846 1202 876 1248 et
897 1190 976 1270 (tan-

131 1290 134 1295 “
181 1305 266 1362 quarn
287 1286 463 1344 exsultantes
485 1285 544 1345 sive
567 1285 713 1362 cupiendo
735 1287 795 1344 sive
819 1288 974 1368 fugiendo)

181 1403 240 1443 non
254 1384 324 1441 satis
335 1382 472 1442 aratione
482 1382 653 1455 retinentur,
663 1383 694 1441 hi
704 1383 769 1441 sine
783 1385 872 1442 dubio
883 1385 975 1443 finem
988 1384 990 1386 ’

181 1491 211 1541 et
236 1480 355 1541 modum
377 1489 542 1538 transeunt:
572 1479 738 1556 relinquunt
758 1481 883 1538 enimet
904 1482 976 1558 abji-

181 1578 264 1636 ciunt
284 1574 498 1647 obedientiam
520 1595 577 1635 nec
591 1576 696 1634 rationi
715 1588 828 1653 parent,
842 1578 891 1636 cui
904 1589 976 1636 sunt

136 1684 167 1732 15
181 1675 304 1751 subjecti
324 1675 389 1751 lege
410 1685 539 1731 naturae:
562 1674 696 1749 aquibus
710 1675 868 1733 nonmodo
883 1674 975 1734 animi

181 1772 395 1849 perturbantur,
409 1769 562 1837 sedetiam
576 1789 708 1847 corpora
748 1770 834 1829 Licet
846 1791 897 1839 ora
910 1772 976 1848 ipsa

182 1886 301 1926 cernere
323 1866 468 1937 iratorum,
485 1876 534 1924 aut
547 1885 646 1927 eorum
657 1868 711 1942 qui
726 1878 774 1926 aut
787 1868 908 1926 libidine
923 1869 977 1926 ala

181 1965 238 2040 qud
254 1972 303 2021 aut
317 1972 395 2020 metu
410 1962 547 2039 commoti
562 1976 639 2035 sunt,
654 1952 705 2022 aut
717 1965 861 2042 voluptate
880 1965 974 2023 nimia

182 2060 325 2137 gestiunt;
347 2078 468 2135 quorum
487 2060 622 2119 omnium
638 2060 742 2132 vultus,
756 2080 853 2134 voces,
866 2072 973 2135 motus,

134 2171 166 2222 20
181 2167 339 2233 statusque,
355 2165 509 2215 mutantur.

222 2253 268 2311 Ex
286 2251 402 2330 quibus*
411 2253 482 2311 illud
502 2252 680 2330 intelligitur,
696 2251 742 2330 (ut
761 2253 796 2311 ad
812 2254 900 2311 officii
915 2255 973 2312 l'or-

182 2370 259 2409 mam
278 2351 467 2429 revertamur)
484 2350 626 2426 appetitus
645 2368 746 2407 omnes
759 2350 973 2410 contrahendos

182 2448 391 2522 sedandosque,
420 2445 660 2520 excitandamque
694 2445 973 2507 animadversiorem

182 2553 212 2603 et
231 2543 419 2619 diligentiam,
441 2551 473 2599 ut
493 2542 618 2617 nequid
643 2553 752 2599 temere
780 2560 816 2600 ae
840 2543 971 2616 fortuitu,

134 2650 165 2699 25
182 2639 404 2714 inconsiderate,
432 2638 671 2716 negligenterque
699 2629 824 2716 agamus.
865 2639 972 2716 Neque

181 2737 259 2795 enirn
279 2736 320 2793 ita
339 2736 469 2813 generati
490 2753 507 2792 a
526 2736 630 2793 natura
650 2754 758 2807 sumus,
773 2746 805 2793 ut
820 2736 854 2794 ad
868 2736 972 2796 ludum

181 2841 210 2888 et
225 2830 325 2907 jocum
340 2828 487 2886 factiosae
501 2828 659 2901 videamur,
674 2829 726 2886 aed
740 2830 775 2887 ad
789 2830 971 2890 severitatem

181 2927 286 3005 potius,
300 2935 329 2983 et
344 2924 380 2983 ad
393 2925 523 3002 quaedam
541 2926 637 2984 studia
656 2926 787 3004 graviora
807 2939 891 3002 atque
912 2946 972 2985 ina·
