2200 3492
163 157 220 217 154
496 170 540 219 nn
562 169 708 218 omens
906 166 1006 228 [nna

205 315 280 391 utili,
294 329 351 377 tuae
372 318 505 377 utilitatis
524 318 624 391 causa,
644 317 819 388 detraxeris;
842 315 1005 398 inhumane

205 415 318 493 seceris,
340 425 498 491 contraque
518 428 629 475 naturae
649 416 762 494 legem:
790 414 836 472 sio
857 424 955 472 autem
978 412 1006 470 is

205 522 236 570 tu
257 512 307 585 ais,
328 513 377 589 qui
398 514 518 572 multam
539 514 694 573 utilitatem
717 511 886 589 reipublice
915 519 1006 586 atque

206 610 354 667 hominurn
375 611 519 682 societati,
540 610 565 669 si
587 612 616 668 in
636 611 696 668 vita
717 628 878 681 remaneas,
899 608 1005 666 afferre

154 770 159 795 ,
176 707 305 783 5possis,
321 707 345 764 si
366 708 434 783 quid
451 708 489 766 ob
502 727 566 766 eam
588 726 706 766 causam
728 706 810 765 elteri
831 705 1003 776 detraxeris,

205 824 264 862 non
285 806 322 863 sit
342 806 621 881 reprehendendum.
664 806 718 863 Sin
736 815 832 863 autem
846 804 876 861 id
890 823 950 861 non
964 803 1004 860 sit

205 902 358 978 ejusmodi,
377 922 461 961 suum
482 902 588 978 cuique
610 902 827 960 incommodum
850 900 1004 958 ferendum

205 1009 250 1055 est
262 999 368 1075 potius,
383 998 520 1074 quamde
535 999 654 1057 alterius
674 998 836 1056 commodis
850 997 1004 1055 detrahen-

206 1094 284 1153 dum.
340 1095 410 1153 Non
438 1084 525 1173 igitur
554 1097 646 1174 magis
672 1106 717 1154 est
744 1097 845 1154 contra
868 1105 1002 1153 naturam

160 1197 192 1251 10
207 1192 331 1275 morbus,
348 1188 400 1250 vaut
420 1202 543 1270 egestas,
559 1203 608 1251 aut
628 1193 696 1269 quid
719 1192 893 1269 hujusmodi,
914 1210 1003 1267 quarn

207 1287 349 1346 detractio
374 1290 433 1347 aut
450 1290 586 1367 appetitio
614 1290 709 1348 alieni.
752 1290 811 1348 Sed
839 1289 1002 1347 communis
1032 1347 1034 1349 ,

207 1386 338 1444 utilitatis
352 1386 504 1444 derelictio
518 1396 622 1445 contra
635 1398 768 1445 naturam
782 1384 843 1444 est:
866 1395 910 1443 est
923 1386 1002 1443 enim

208 1483 322 1560 injusta.
365 1482 469 1559 Itaque
482 1483 531 1540 lex
548 1483 611 1560 ipsa
630 1494 750 1555 natura,
764 1503 827 1560 quae
847 1483 1002 1540 utilitatem

208 1580 356 1638 hominurn
383 1590 534 1639 conservat
558 1589 588 1638 et
614 1580 754 1651 continet,
779 1579 912 1638 decernit
937 1597 1003 1655 pro·

163 1685 193 1736 15
208 1676 294 1749 secto,
322 1687 364 1749 ut,
393 1677 430 1734 ab
456 1678 575 1737 homine
602 1676 687 1734 inerti
716 1686 802 1752 atque
831 1675 937 1748 inutili,
966 1675 1002 1733 ad

187 1765 190 1771 ,
207 1773 376 1849 sapientem,
391 1774 510 1845 bonum,
525 1774 687 1849 fortemque
707 1773 810 1845 virum,
829 1773 1002 1831 transferan-

207 1878 254 1926 tur
280 1887 327 1927 res
351 1869 386 1927 ad
408 1869 563 1929 vivendum
589 1870 779 1940 necessariae3
807 1869 864 1946 qui'
877 1870 902 1927 si
923 1870 1001 1928 occi·

207 1965 292 2038 derit,
313 1965 434 2023 multum
456 1965 492 2024 do
512 1967 660 2024 communi
681 1968 805 2024 utilitate
827 1967 998 2025 detraxerit:

208 2062 294 2121 modo
307 2062 364 2120 hoc
378 2061 419 2121 ita
433 2063 530 2136 faciat,
545 2073 578 2122 ut
590 2083 629 2122 ne
644 2067 704 2140 ipse
718 2064 754 2122 de
768 2084 799 2122 se
813 2065 888 2122 bene
906 2065 1001 2123 existi·

161 2167 194 2217 20
209 2176 300 2232 mans,
315 2179 435 2235 seseque
454 2161 590 2238 diligens,
605 2161 682 2220 hanc
703 2181 820 2220 causam
840 2162 945 2220 lrabeat
965 2162 999 2220 ad

209 2257 351 2334 injuriam.
400 2256 449 2316 Ita
465 2277 580 2334 semper
601 2259 697 2317 officio
718 2260 863 2336 fungetur,
884 2259 999 2318 utilitati

209 2354 366 2412 consulens
398 2356 558 2428 hominum,
587 2366 616 2413 et
640 2356 681 2428 ei,
709 2376 794 2432 quam
820 2375 896 2433 saepe
923 2375 999 2414 conr·

208 2468 345 2522 memoro,
361 2452 492 2511 humanae
506 2452 649 2512 societati.

247 2547 336 2623 Nam,
364 2549 441 2624 quod
476 2550 512 2606 ad
545 2549 689 2609 Phalarim
719 2550 836 2622 attinet,
863 2550 997 2626 perfacile

161 2651 193 2699 25
205 2643 347 2720 judicium
368 2652 420 2704 estss
471 2644 563 2703 Nulla
583 2646 660 2703 enim
681 2646 766 2703 nobis
787 2646 912 2704 societas
933 2668 996 2705 oum

207 2740 347 2817 tyrannis,
359 2741 410 2798 sed
423 2743 520 2818 potius
534 2761 648 2801 summa
660 2743 810 2801 distractio
823 2754 884 2801 est:
907 2764 996 2820 neque

207 2848 252 2895 est
279 2847 380 2898 contra
407 2848 549 2911 naturam,
578 2838 702 2916 spoliare
736 2859 812 2911 eum,
840 2840 866 2900 si
896 2843 995 2917 possis,

208 2953 294 3010 quem
321 2929 480 2993 honestum
500 2945 544 2993 est
572 2955 695 2996 necare:
724 2947 808 3012 atque
835 2936 895 2995 hoc
914 2956 995 2997 omne
