2200 3492
166 198 222 259 188
498 210 542 257 us
564 209 710 257 osricus.
905 209 946 270 [ιι
954 208 1004 257 ιιι,

216 380 219 386 ’
248 360 347 418 XXV.
370 360 473 432 hone
494 360 544 418 illa
561 359 678 437 quidem
697 360 839 436 promissa
858 360 1004 418 serruuda

209 467 286 529 srmt,
307 477 371 533 quae
398 477 455 517 nou
479 467 547 515 suut
567 457 603 515 iis
623 457 693 534 ipsis
712 456 804 530 utilia,
824 457 929 532 quibus
950 455 1003 515 illa

209 554 382 630 promiseris.
434 554 482 612 Sol
505 554 680 613 Phaethonti
699 553 759 612 filio
781 552 827 631 (ut
846 553 1003 611 redeamus
1086 549 1087 624 i

211 650 246 707 ad
273 650 568 729 fabulas).faoturum
595 668 626 708 se
653 670 716 709 esse
748 650 829 721 dixit,
857 649 1000 725 quidquid

179 751 196 800 5
210 747 353 823 optdsset:
373 747 490 823 optarit,
504 747 580 805 utin
594 761 709 806 currum
729 746 819 823 patris
832 747 998 808 tolleretur:

210 843 340 901 sublatus
361 854 420 914 est;
450 853 535 919 atque
558 843 684 915 insanus,
707 842 764 918 qud
786 842 915 901 eonstitit
936 843 999 902 ictu

209 939 338 997 fulminis
363 939 539 1017 deflagravit.
579 927 699 1002 Quanto
714 939 821 1004 melius
842 940 944 1014 suerat,
966 940 998 998 iu

211 1035 277 1108 hoo,
311 1035 482 1113 promissum
517 1035 606 1112 patris
642 1055 700 1094 nou
736 1054 800 1094 esse
835 1039 996 1095 serratum!

208 1131 303 1203 Quid,
323 1131 399 1207 quod
421 1130 555 1188 Theseus
574 1132 672 1209 exegit·
688 1132 859 1208 promissum
881 1152 899 1190 a
917 1133 998 1209 Nep-

165 1234 198 1285 10
209 1230 301 1285 tuuot
351 1227 408 1285 Cui
428 1247 495 1286 eum
515 1236 574 1285 tres
593 1228 754 1305 optationes
774 1228 929 1305 Neptunus
949 1230 998 1287 de·

210 1322 431 1400 disset,optavit
451 1323 600 1381 interitum
620 1323 779 1401 Hippolyti,
794 1324 846 1384 filii
859 1325 914 1397 sui,
929 1345 997 1384 oum
1060 1392 1062 1395 ,

209 1419 236 1476 is
255 1419 328 1496 patri
348 1429 499 1496 suspectus
519 1430 595 1477 esset
608 1419 645 1476 de
660 1420 801 1478 uoverod:
822 1439 879 1496 quo
899 1430 998 1498 optato

118 1573 123 1583 ,
211 1516 370 1593 impetrato,
385 1516 518 1575 Theseus
532 1517 562 1574 in
577 1515 707 1576 maximis
722 1515 776 1574 fuit
788 1515 923 1575 luctibus

248 1613 351 1675 Quid?
382 1614 584 1691 Agamemnon
611 1629 678 1670 oum
702 1613 863 1690 devovisset
881 1613 997 1687 Dianae,
1086 1627 1087 1668 3

166 1716 196 1764 15
210 1709 286 1784 quod
301 1709 337 1771 iu
358 1729 411 1768 suo
431 1729 521 1787 regno
543 1709 768 1786 pulcherrimum
795 1720 893 1768 uatum
921 1722 998 1770 esset
1086 1717 1087 1788 3

210 1803 260 1861 illo
281 1823 366 1877 anno,
382 1805 538 1865 immolavit
556 1804 748 1882 Iphigeniam,
766 1806 822 1882 qud
842 1806 914 1864 nihil
935 1818 998 1866 erat

209 1917 246 1955 eo
266 1898 381 1973 quidem
404 1918 479 1956 anno
499 1910 598 1957 uatum
621 1900 778 1977 pulchrius.
818 1901 998 1961 Promissum

209 1994 306 2070 potius
325 2014 384 2052 non
404 1995 579 2068 faciendum,
591 2016 677 2073 quarn
692 2008 750 2056 tam
764 2007 868 2057 tetrum
883 1999 998 2060 sasinus

211 2091 418 2149 admittendum
440 2093 501 2151 fuit.
542 2093 621 2171 Ergo
641 2104 670 2151 et
689 2094 830 2170 promissa
849 2081 908 2156 riou
927 2097 998 2156 faoi·

164 2199 195 2251 ao
210 2188 286 2246 enda
305 2181 528 2264 nonnunquam3
549 2208 643 2265 neque
663 2208 775 2265 semper
790 2191 921 2267 deposita
933 2192 999 2249 red·

210 2285 313 2343 denda.
368 2285 401 2342 Si
421 2286 547 2363 gladium
572 2285 636 2361 quis
658 2286 732 2362 apud
753 2297 782 2344 te
802 2288 872 2346 sani
899 2299 997 2347 mente

210 2382 384 2458 deposuerit,
394 2392 504 2459 repetat
514 2382 680 2453 insaniens3
701 2384 831 2455 reddere,
842 2395 996 2459 peceatum

210 2479 263 2548 sit3
291 2499 348 2537 uon
375 2480 504 2552 reddere,
525 2479 662 2537 officium.
716 2480 818 2542 Quidt
846 2480 870 2537 si
890 2481 925 2552 is,
946 2482 997 2557 qui
1086 2547 1087 2566 χ

210 2575 285 2650 apud
312 2586 340 2632 te
366 2576 518 2652 pecuniam
548 2576 722 2652 deposuerit,
750 2565 867 2634 bellum
892 2577 997 2636 inferat

163 2688 195 2736 25
209 2671 319 2747 patriae,
352 2672 494 2728 reddasne
530 2672 712 2748 depositumr
774 2672 855 2744 Non,
890 2674 995 2734 credo:

211 2765 300 2824 facias
332 2766 409 2824 enim
443 2777 545 2825 eontra
575 2769 796 2844 rempublicam„
819 2789 882 2845 quae
910 2770 996 2830 dehet

210 2882 273 2920 esse
294 2860 449 2920 carissima
491 2861 547 2920 Sicv
562 2864 661 2937 multa,
676 2885 738 2940 quae
753 2865 873 2924 honesta
892 2867 995 2924 naturis

210 2960 357 3017 videntur
375 2979 447 3032 esse,
475 2962 651 3037 temporibus
677 2962 749 3022 fiunt
776 2981 835 3020 nou
864 2962 992 3022 honesta.
