2200 3492
157 186 213 247 184
488 199 532 246 nn
554 199 699 247 ornrcns
895 198 991 258 [uun
1084 272 1085 277 ἵ

202 344 270 422 luga
289 364 373 417 nnus,
388 355 417 403 et
436 365 551 423 gravem
573 347 764 405 adversarium
785 345 908 422 imperii,
929 364 993 404 sus·
1084 356 1085 387 ³

202 441 329 499 tulisset:
364 442 414 500 sed
448 462 585 520 magnum
619 444 745 502 dedecus
777 454 806 501 et
837 443 991 521 flagitium,

203 536 319 613 quicum
334 538 427 597 laudis
441 550 588 601 certamen
603 540 711 612 suisset,
723 559 789 597 eunt
803 560 862 599 non
873 540 990 612 virtute,

203 633 253 695 sed
267 635 385 706 scelere,
398 649 573 712 superatum.

172 741 190 789 5
241 730 343 789 Utrum
365 732 451 808 igitur
472 732 572 790 utilius
586 734 628 790 vel
650 733 795 806 Fabricio,
809 733 858 809 qui
879 734 945 791 talis
959 734 990 792 in

203 828 258 885 huc
291 828 372 903 urbe,
400 827 492 903 qualis
520 829 664 887 Aristides
695 829 819 888 Athenis
853 829 917 902 suit,
944 830 989 888 vel

203 924 315 985 senatui
335 935 444 996 nostro,
464 926 511 1002 qui
532 945 681 1001 nunquam
701 927 853 984 utilitatem
868 926 991 1004 adigni-

203 1030 261 1079 tate
281 1021 415 1097 sejunxit,
430 1023 516 1079 armis
537 1042 603 1080 curn
624 1023 706 1080 hoste
721 1034 840 1095 certare,
856 1043 892 1081 an
906 1042 991 1081 seue·

204 1116 268 1175 niel
318 1118 354 1175 -Si
378 1118 474 1195 glorius
501 1120 590 1181 causi
617 1120 767 1195 imperium
795 1121 990 1197 expetendum

158 1225 189 1275 ιθ
203 1223 256 1284 est,
271 1213 364 1272 scelus
386 1215 468 1286 absit,
478 1215 512 1272 'in
530 1234 587 1290 qno
607 1235 665 1273 non
685 1227 779 1292 potest
799 1235 862 1274 esse
882 1217 989 1294 gloria:

203 1309 247 1375 sin
275 1310 342 1386 ipsae
366 1329 437 1386 opes
463 1321 636 1388 expetuntur
662 1332 777 1388 quoquc
807 1314 902 1385 modu,
931 1331 990 1370 nun

202 1415 337 1481 poterunt
360 1406 445 1464 utiles
468 1427 533 1465 esse
554 1427 620 1465 curn
644 1408 771 1466 infantili.
813 1409 882 1468 Non
903 1409 990 1487 igitur

203 1502 281 1563 utilis
301 1501 350 1567 illa
371 1502 405 1561 L.
421 1503 554 1579 Philippi,
574 1505 615 1566 Q.
631 1505 715 1576 lilius,
737 1506 896 1563 sententia:
919 1496 991 1581 quas

205 1598 333 1656 civitates
354 1599 386 1656 L.
403 1600 494 1672 Sulla,
508 1602 633 1676 pecuniis
655 1602 784 1678 accepti,
806 1621 842 1659 ex
861 1603 991 1661 senatus·

158 1713 189 1762 15
203 1695 333 1754 consulto
364 1690 551 1767 liberavisset,
581 1708 612 1754 ut
637 1697 685 1755 lrae
709 1717 807 1755 rursus
835 1684 990 1775 vectigales

202 1802 314 1860 essent3
336 1811 430 1866 neque
444 1792 489 1849 his
502 1795 666 1868 pecuniam,
682 1814 766 1869 quern
786 1813 837 1872 pro
857 1794 990 1854 libertate

203 1886 350 1957 dederant,
365 1887 559 1947 redderemus.
600 1889 654 1947 Est
667 1890 695 1947 ei
709 1901 826 1948 senatus
840 1910 989 1949 assensus:

202 1993 285 2057 turpe
318 1982 438 2058 imperio
446 2004 453 2052 ;
489 1985 644 2060 piratarum
674 1987 751 2043 eninr
779 1987 880 2045 melior
907 1988 989 2060 fides,

202 2097 286 2154 quarn
301 2080 426 2137 senatus.
467 2080 508 2137 At
522 2091 607 2138 aucta
618 2082 786 2158 vectigalia:
808 2083 879 2140 utile
892 2084 988 2161 igitur.

156 2200 188 2248 ρο
201 2174 364 2252 Quousque
379 2176 525 2234 audebunt
538 2177 636 2234 dicere
651 2178 806 2254 quidquam
821 2178 901 2247 utile,
913 2180 990 2255 quud

93 2256 99 2265 ’
203 2291 258 2330 non
273 2273 443 2330 honestum?
483 2271 581 2330 Potest
596 2284 690 2331 autem
705 2274 755 2331 ulli
769 2274 898 2350 imperio,
913 2276 990 2351 quud

202 2368 294 2445 gloriis
316 2369 417 2426 sultum
437 2387 500 2426 esse
521 2369 616 2439 debet,
630 2379 660 2426 et
678 2371 879 2429 benevolentid
899 2372 991 2430 socio·

202 2484 276 2536 rum,
298 2466 368 2523 utile
388 2484 451 2525 esse
472 2465 569 2522 odium
589 2477 619 2523 et
639 2466 777 2525 infamial
818 2466 882 2545 Ego
902 2468 988 2526 etiarn

202 2578 269 2617 curn
293 2562 405 2618 Catone
430 2579 495 2617 men
519 2580 593 2637 saepe
616 2562 748 2620 dissensi.
797 2563 894 2621 Nimis
917 2564 990 2623 rnibi

157 2687 188 2736 ᾖ
202 2656 350 2731 praefracte
374 2657 523 2715 videbatur
550 2658 681 2716 aerariurn
705 2660 915 2736 vectigaliaque
942 2661 987 2718 de·

202 2751 329 2823 fundere,
343 2753 440 2810 omnia
459 2753 620 2828 publicanis
641 2774 758 2832 negare,
772 2756 863 2814 multa
884 2758 988 2828 sociis3

203 2867 268 2906 curn
290 2848 319 2906 in
341 2849 393 2905 hos
414 2849 536 2907 benefici
557 2869 621 2908 esse
641 2850 811 2910 deberemus
818 2871 827 2923 ς
852 2853 991 2912 cumillis

202 2944 245 3005 sic
260 2962 355 3023 agere,
367 2954 397 3003 ut
412 2964 478 3005 curn
490 2945 602 3006 colonis
615 2947 720 3007 nostris
734 2948 876 3020 solemus;
898 2969 990 3026 eoque
