2200 3492
93 196 119 245 1..
128 197 158 258 r]
380 201 424 249 ns
443 196 590 250 osricus.
887 187 925 253 81

92 364 149 405 rurn
162 348 276 423 obtutu,
292 369 331 409 ex
345 351 566 429 superciliorum
583 359 632 410 aut
648 351 817 410 remissione
832 360 881 411 out

91 447 298 521 contractione,
313 467 350 506 ex
369 449 515 521 moestitisi,
530 468 568 507 ex
586 449 741 521 hilaritate,
755 469 792 508 ex
809 449 879 521 risu,

90 559 121 599 er
131 541 293 618 locutione,
310 565 346 604 ex
358 547 522 618 reticendi,
537 566 574 604 ex
587 547 774 606 contentione
787 547 878 619 vocis,

88 656 119 695 ex
135 640 345 714 submissione,
360 662 396 701 ex
408 643 522 701 ceteris
535 643 687 717 similibus,
702 643 787 701 facile
804 643 879 719 judi·

87 735 220 810 cabimus,
244 739 317 814 qnid
338 759 439 797 eorum
462 749 527 816 epte
550 740 613 812 fiet,
634 740 703 815 qnid
725 742 761 799 ab
781 740 909 801 officio5

86 835 240 910 natumque
269 837 425 914 discrepet.
465 837 537 899 Quo
559 837 589 895 in
617 856 733 914 genere,
754 856 812 896 non
834 849 885 916 est

86 927 312 1005 incommodum,
326 934 411 1010 quale
431 935 565 1010 quodque
586 952 684 992 eorum
703 935 749 1006 sit,
764 953 801 992 ex
814 935 878 992 eliis

83 1024 224 1099 judicare3
247 1039 293 1102 ut,
308 1030 333 1086 si
347 1029 416 1105 quid
430 1029 574 1087 dedeceat
586 1030 616 1088 in
629 1030 696 1101 illis,
712 1030 834 1088 vitemus
848 1040 878 1087 et

85 1119 141 1196 ipsi.
182 1123 234 1182 Fit
255 1126 348 1198 enirn,
364 1125 466 1183 nescio
486 1144 543 1202 quo
564 1127 660 1197 modo,
681 1135 713 1184 ut
733 1126 826 1203 magis
846 1126 876 1183 in

31 1246 32 1269 t
87 1217 143 1276 eliis
163 1239 332 1295 cernemus,
346 1238 432 1299 quum
452 1222 483 1281 in
503 1223 649 1281 nobismet
669 1222 749 1299 ipsis,
762 1222 787 1280 si
807 1222 876 1298 quid
891 1233 923 1282 10

86 1314 275 1393 delinquitur:
296 1319 396 1395 itaque
417 1319 555 1378 facillimo
575 1320 761 1396 corriguntur
776 1319 806 1378 iu
821 1320 878 1378 dis·

87 1413 182 1487 cendo,
195 1434 323 1491 quorum
334 1416 406 1474 vitia
417 1416 576 1488 imitantur,
587 1415 760 1474 emendandi
777 1416 876 1489 censi,

85 1511 217 1586 magistri.
557 1496 560 1505 ἲ
774 1501 776 1504 ⁴

120 1605 183 1667 Nec
210 1628 284 1668 vero
312 1596 438 1669 alienum
464 1620 518 1683 est,
540 1610 578 1668 sd
597 1629 634 1667 es
653 1609 788 1687 eligenda
813 1628 877 1686 quae

31 1754 32 1761 ,
87 1701 294 1765 dubitationem
315 1708 447 1781 offerunt,
463 1708 601 1771 adhibere
615 1707 718 1765 doctos
732 1706 875 1780 homines,
891 1722 923 1772 15

88 1800 230 1861 ueletiam
261 1818 316 1862 usu
342 1804 460 1881 peritos3
481 1815 522 1877 et,
542 1805 612 1880 qnid
633 1803 678 1862 bis
705 1800 741 1861 de
762 1820 878 1881 quoque

87 1895 165 1956 officii
191 1913 304 1978 genere
330 1903 453 1979 placent,
474 1902 632 1979 exquirere.
674 1899 770 1978 Major
796 1902 874 1959 enim

31 2078 32 2089 ἵ
88 2009 146 2066 pars
170 2015 206 2055 eo
234 1999 297 2056 fere
324 1999 430 2056 deferri
457 1999 540 2070 solet,
568 2017 624 2074 quo
646 1998 786 2056 surturi
813 1998 876 2076 ipsi

89 2087 242 2155 deducitur.
285 2095 322 2153 In
343 2096 447 2171 quibus
466 2096 622 2155 ridendum
639 2105 692 2167 est,
707 2114 766 2154 non
788 2095 875 2153 modo
973 2088 976 2095 ²

31 2230 32 2233 η
90 2187 149 2261 quid
170 2192 294 2268 quisque
313 2192 456 2270 loquatur,
478 2193 527 2251 sed
549 2183 648 2264 etium,
664 2192 732 2267 quid
754 2193 876 2267 quisque
889 2211 926 2261 2⁰

31 2352 32 2361 χ
90 2286 195 2360 sentiat,
226 2299 314 2364 atque
346 2290 443 2362 etiam,
472 2290 529 2367 qub
562 2290 599 2347 de
633 2289 723 2347 cousi
754 2289 876 2365 quisque

31 2388 32 2403 ¹
92 2383 194 2444 sentiat.
251 2385 291 2443 Ut
323 2385 401 2443 enim
434 2386 571 2462 pictores,
599 2397 629 2444 et
655 2386 677 2444 ii
708 2385 759 2461 qui
792 2385 876 2462 signs

31 2558 32 2567 ἵ
93 2474 272 2553 fabricantur,
287 2492 316 2539 et
334 2501 402 2540 vero
423 2483 511 2541 etism
530 2488 634 2560 potire,
649 2502 733 2541 suum
754 2482 877 2559 quisque

93 2591 154 2648 opus
168 2580 287 2657 evulgo
307 2580 485 2638 considerari
505 2581 575 2653 vult,
597 2591 637 2653 ut,
653 2580 677 2638 si
691 2579 760 2655 quid
781 2599 875 2658 repre-

93 2668 204 2735 hensum
225 2677 263 2735 sit
285 2697 301 2736 a
320 2677 460 2753 pluribus,
477 2677 507 2735 id
527 2677 704 2755 corrigatur3
727 2678 824 2753 hique,
845 2687 874 2736 et
888 2689 921 2738 25
1008 2736 1011 2741 ⁴

96 2785 183 2832 secum
206 2785 236 2833 et
261 2793 327 2832 cum
354 2775 426 2848 eliis,
449 2775 517 2851 quid
539 2775 570 2833 in
593 2794 632 2834 eo
651 2785 804 2852 peccatum
826 2775 873 2847 sit,

94 2871 237 2945 exquirunt
244 2893 252 2944 ;
281 2871 325 2930 sic
346 2872 467 2932 oliorum
491 2873 604 2952 judicio
626 2873 770 2951 permulta
789 2872 888 2931 nobis·
