<?xml version="1.0" encoding="UTF-8"?>
<!DOCTYPE html PUBLIC "-//W3C//DTD XHTML 1.0 Transitional//EN"
    "http://www.w3.org/TR/xhtml1/DTD/xhtml1-transitional.dtd">
<html xmlns="http://www.w3.org/1999/xhtml" xml:lang="en" lang="en">
 <head>
  <title>
</title>
<meta http-equiv="Content-Type" content="text/html;charset=utf-8" />
  <meta name='ocr-system' content='tesseract 3.04.00' />
  <meta name='ocr-capabilities' content='ocr_page ocr_carea ocr_par ocr_line ocrx_word'/>
</head>
<body>
  <div class='ocr_page' id='page_1' title='image "./mtciceronisdeof04cicegoog/mtciceronisdeof04cicegoog_0147.png"; bbox 0 0 2200 3492; ppageno 0'>
   <div class='ocr_carea' id='block_1_1' title="bbox 104 204 940 284">
    <p class='ocr_par' dir='ltr' id='par_1_1' title="bbox 104 204 940 284">
     <span class='ocr_line' id='line_1_1' title="bbox 104 204 940 284; baseline -0.008 -15"><span class='ocrx_word' id='word_1_1' title='bbox 104 223 131 269; x_wconf 80' lang='lat' dir='ltr'>n.</span> <span class='ocrx_word' id='word_1_2' title='bbox 143 224 187 284; x_wconf 82' lang='lat' dir='ltr'>u]</span> <span class='ocrx_word' id='word_1_3' title='bbox 408 224 451 271; x_wconf 85' lang='lat' dir='ltr'>nu</span> <span class='ocrx_word' id='word_1_4' title='bbox 473 224 620 270; x_wconf 76' lang='lat' dir='ltr'>orncns.</span> <span class='ocrx_word' id='word_1_5' title='bbox 887 204 940 263; x_wconf 74' lang='lat'>181</span> 
     </span>
    </p>
   </div>
   <div class='ocr_carea' id='block_1_2' title="bbox 16 368 938 3060">
    <p class='ocr_par' dir='ltr' id='par_1_2' title="bbox 16 368 938 3060">
     <span class='ocr_line' id='line_1_2' title="bbox 102 368 895 451; baseline -0.004 -23"><span class='ocrx_word' id='word_1_6' title='bbox 102 372 286 430; x_wconf 86' lang='lat' dir='ltr'>moderatum</span> <span class='ocrx_word' id='word_1_7' title='bbox 320 372 474 451; x_wconf 82' lang='lat' dir='ltr'>praebuit);</span> <span class='ocrx_word' id='word_1_8' title='bbox 508 372 559 429; x_wconf 90' lang='lat' dir='ltr'>sed</span> <span class='ocrx_word' id='word_1_9' title='bbox 593 390 671 443; x_wconf 88' lang='lat' dir='ltr'>oum,</span> <span class='ocrx_word' id='word_1_10' title='bbox 706 370 736 428; x_wconf 90' lang='lat' dir='ltr'>in</span> <span class='ocrx_word' id='word_1_11' title='bbox 771 368 895 448; x_wconf 81' lang='lat' dir='ltr'>agendo,</span> 
     </span>
     <span class='ocr_line' id='line_1_3' title="bbox 17 466 895 544; baseline 0.003 -23"><span class='ocrx_word' id='word_1_12' title='bbox 17 480 19 521; x_wconf 59' lang='lat'><strong>4</strong></span> <span class='ocrx_word' id='word_1_13' title='bbox 102 469 195 526; x_wconf 90' lang='lat' dir='ltr'>multa</span> <span class='ocrx_word' id='word_1_14' title='bbox 213 469 398 544; x_wconf 79' lang='lat' dir='ltr'>populariter,</span> <span class='ocrx_word' id='word_1_15' title='bbox 413 479 474 526; x_wconf 90' lang='lat' dir='ltr'>tum</span> <span class='ocrx_word' id='word_1_16' title='bbox 494 469 565 526; x_wconf 88' lang='lat' dir='ltr'>illud</span> <span class='ocrx_word' id='word_1_17' title='bbox 585 468 671 539; x_wconf 87' lang='lat' dir='ltr'>male,</span> <span class='ocrx_word' id='word_1_18' title='bbox 686 474 705 500; x_wconf 85' lang='lat'>“</span> <span class='ocrx_word' id='word_1_19' title='bbox 715 485 774 525; x_wconf 89' lang='lat' dir='ltr'>non</span> <span class='ocrx_word' id='word_1_20' title='bbox 788 485 852 524; x_wconf 85' lang='lat' dir='ltr'>esse</span> <span class='ocrx_word' id='word_1_21' title='bbox 865 466 895 525; x_wconf 89' lang='lat' dir='ltr'>iu</span> 
     </span>
     <span class='ocr_line' id='line_1_4' title="bbox 17 564 893 643; baseline 0 -21"><span class='ocrx_word' id='word_1_22' title='bbox 17 574 19 643; x_wconf 66' lang='grc' dir='ltr'>ᾗ</span> <span class='ocrx_word' id='word_1_23' title='bbox 101 565 222 622; x_wconf 79' lang='lat' dir='ltr'>civitate</span> <span class='ocrx_word' id='word_1_24' title='bbox 236 565 295 622; x_wconf 92' lang='lat' dir='ltr'>duo</span> <span class='ocrx_word' id='word_1_25' title='bbox 309 564 398 622; x_wconf 89' lang='lat' dir='ltr'>millia</span> <span class='ocrx_word' id='word_1_26' title='bbox 412 565 572 636; x_wconf 85' lang='lat' dir='ltr'>hominum,</span> <span class='ocrx_word' id='word_1_27' title='bbox 586 565 711 640; x_wconf 88' lang='lat' dir='ltr'>quirem</span> <span class='ocrx_word' id='word_1_28' title='bbox 727 564 893 622; x_wconf 82' lang='lat' dir='ltr'>haberent.”</span> 
     </span>
     <span class='ocr_line' id='line_1_5' title="bbox 17 661 894 737; baseline 0 -18"><span class='ocrx_word' id='word_1_29' title='bbox 17 712 18 733; x_wconf 41' lang='lat'><em>2</em></span> <span class='ocrx_word' id='word_1_30' title='bbox 100 661 246 737; x_wconf 83' lang='lat' dir='ltr'>Capitalis</span> <span class='ocrx_word' id='word_1_31' title='bbox 279 662 379 730; x_wconf 85' lang='lat' dir='ltr'>oratio,</span> <span class='ocrx_word' id='word_1_32' title='bbox 407 672 437 720; x_wconf 90' lang='lat' dir='ltr'>et</span> <span class='ocrx_word' id='word_1_33' title='bbox 464 662 499 721; x_wconf 89' lang='lat' dir='ltr'>ad</span> <span class='ocrx_word' id='word_1_34' title='bbox 527 661 718 737; x_wconf 73' lang='lat' dir='ltr'>aequationem</span> <span class='ocrx_word' id='word_1_35' title='bbox 753 661 894 719; x_wconf 88' lang='lat' dir='ltr'>bonorum</span> 
     </span>
     <span class='ocr_line' id='line_1_6' title="bbox 97 758 925 835; baseline -0.004 -21"><span class='ocrx_word' id='word_1_36' title='bbox 97 758 267 834; x_wconf 81' lang='lat' dir='ltr'>pertinens3</span> <span class='ocrx_word' id='word_1_37' title='bbox 298 759 354 834; x_wconf 72' lang='lat' dir='ltr'>qui</span> <span class='ocrx_word' id='word_1_38' title='bbox 380 769 549 835; x_wconf 77' lang='lat' dir='ltr'>pesteque</span> <span class='ocrx_word' id='word_1_39' title='bbox 576 768 671 834; x_wconf 88' lang='lat' dir='ltr'>potest</span> <span class='ocrx_word' id='word_1_40' title='bbox 697 776 767 814; x_wconf 86' lang='lat' dir='ltr'>esse-</span> <span class='ocrx_word' id='word_1_41' title='bbox 784 758 925 834; x_wconf 74' lang='lat' dir='ltr'>majortt</span> 
     </span>
     <span class='ocr_line' id='line_1_7' title="bbox 99 854 892 929; baseline 0.001 -18"><span class='ocrx_word' id='word_1_42' title='bbox 99 854 190 912; x_wconf 88' lang='lat' dir='ltr'>Hane</span> <span class='ocrx_word' id='word_1_43' title='bbox 211 854 289 912; x_wconf 89' lang='lat' dir='ltr'>enirn</span> <span class='ocrx_word' id='word_1_44' title='bbox 304 856 342 913; x_wconf 92' lang='lat' dir='ltr'>ob</span> <span class='ocrx_word' id='word_1_45' title='bbox 356 874 472 917; x_wconf 85' lang='lat' dir='ltr'>oausam</span> <span class='ocrx_word' id='word_1_46' title='bbox 492 855 625 927; x_wconf 70' lang='lat' dir='ltr'>maxime,</span> <span class='ocrx_word' id='word_1_47' title='bbox 640 863 673 912; x_wconf 90' lang='lat' dir='ltr'>ut</span> <span class='ocrx_word' id='word_1_48' title='bbox 685 872 738 913; x_wconf 89' lang='lat' dir='ltr'>sna</span> <span class='ocrx_word' id='word_1_49' title='bbox 750 863 892 929; x_wconf 83' lang='lat' dir='ltr'>tenerent,</span> 
     </span>
     <span class='ocr_line' id='line_1_8' title="bbox 99 949 891 1027; baseline 0 -19"><span class='ocrx_word' id='word_1_50' title='bbox 99 951 273 1027; x_wconf 77' lang='lat' dir='ltr'>respublica</span> <span class='ocrx_word' id='word_1_51' title='bbox 294 952 481 1027; x_wconf 76' lang='lat' dir='ltr'>civitatesque</span> <span class='ocrx_word' id='word_1_52' title='bbox 502 952 667 1009; x_wconf 71' lang='lat' dir='ltr'>constitutas</span> <span class='ocrx_word' id='word_1_53' title='bbox 688 960 763 1008; x_wconf 86' lang='lat' dir='ltr'>sunt</span> <span class='ocrx_word' id='word_1_54' title='bbox 803 949 891 1022; x_wconf 90' lang='lat' dir='ltr'>Nam,</span> 
     </span>
     <span class='ocr_line' id='line_1_9' title="bbox 99 1047 891 1126; baseline -0.004 -20"><span class='ocrx_word' id='word_1_55' title='bbox 99 1049 165 1120; x_wconf 86' lang='lat' dir='ltr'>etsi,</span> <span class='ocrx_word' id='word_1_56' title='bbox 202 1050 278 1107; x_wconf 84' lang='lat' dir='ltr'>duee</span> <span class='ocrx_word' id='word_1_57' title='bbox 314 1049 427 1120; x_wconf 74' lang='lat' dir='ltr'>naturai,</span> <span class='ocrx_word' id='word_1_58' title='bbox 462 1049 712 1126; x_wconf 75' lang='lat' dir='ltr'>congregabantur</span> <span class='ocrx_word' id='word_1_59' title='bbox 749 1047 891 1119; x_wconf 87' lang='lat' dir='ltr'>homines,</span> 
     </span>
     <span class='ocr_line' id='line_1_10' title="bbox 98 1143 891 1222; baseline -0.003 -20"><span class='ocrx_word' id='word_1_60' title='bbox 98 1154 209 1216; x_wconf 87' lang='lat' dir='ltr'>tamen,</span> <span class='ocrx_word' id='word_1_61' title='bbox 238 1166 288 1222; x_wconf 88' lang='lat' dir='ltr'>spe</span> <span class='ocrx_word' id='word_1_62' title='bbox 321 1145 461 1203; x_wconf 76' lang='lat' dir='ltr'>custodiae</span> <span class='ocrx_word' id='word_1_63' title='bbox 493 1164 589 1203; x_wconf 83' lang='lat' dir='ltr'>rerum</span> <span class='ocrx_word' id='word_1_64' title='bbox 623 1162 749 1215; x_wconf 89' lang='lat' dir='ltr'>suarum,</span> <span class='ocrx_word' id='word_1_65' title='bbox 777 1143 891 1201; x_wconf 89' lang='lat' dir='ltr'>urbium</span> 
     </span>
     <span class='ocr_line' id='line_1_11' title="bbox 17 1232 938 1319; baseline 0.002 -20"><span class='ocrx_word' id='word_1_66' title='bbox 17 1232 18 1237; x_wconf 8' lang='grc' dir='ltr'>ἵ</span> <span class='ocrx_word' id='word_1_67' title='bbox 97 1243 421 1319; x_wconf 83' lang='lat' dir='ltr'>praesidiaquaerebant.</span> <span class='ocrx_word' id='word_1_68' title='bbox 905 1241 938 1293; x_wconf 81' lang='lat'>1⁰</span> 
     </span>
     <span class='ocr_line' id='line_1_12' title="bbox 17 1336 891 1437; baseline -0.002 -41"><span class='ocrx_word' id='word_1_69' title='bbox 17 1414 19 1437; x_wconf 37' lang='grc' dir='ltr'><strong>ι</strong></span> <span class='ocrx_word' id='word_1_70' title='bbox 138 1339 246 1397; x_wconf 90' lang='lat' dir='ltr'>Danda</span> <span class='ocrx_word' id='word_1_71' title='bbox 260 1340 346 1396; x_wconf 87' lang='lat' dir='ltr'>etiam</span> <span class='ocrx_word' id='word_1_72' title='bbox 361 1336 512 1416; x_wconf 84' lang='lat' dir='ltr'>operaest,</span> <span class='ocrx_word' id='word_1_73' title='bbox 524 1338 663 1415; x_wconf 88' lang='lat' dir='ltr'>ue(quod</span> <span class='ocrx_word' id='word_1_74' title='bbox 679 1338 754 1413; x_wconf 88' lang='lat' dir='ltr'>apud</span> <span class='ocrx_word' id='word_1_75' title='bbox 768 1338 891 1414; x_wconf 79' lang='lat' dir='ltr'>majores</span> 
     </span>
     <span class='ocr_line' id='line_1_13' title="bbox 17 1434 890 1513; baseline -0.005 -19"><span class='ocrx_word' id='word_1_76' title='bbox 17 1446 18 1461; x_wconf 72' lang='lat'>³</span> <span class='ocrx_word' id='word_1_77' title='bbox 98 1446 214 1494; x_wconf 87' lang='lat' dir='ltr'>nostros</span> <span class='ocrx_word' id='word_1_78' title='bbox 235 1455 311 1512; x_wconf 86' lang='lat' dir='ltr'>saepe</span> <span class='ocrx_word' id='word_1_79' title='bbox 332 1437 427 1507; x_wconf 86' lang='lat' dir='ltr'>fiebat,</span> <span class='ocrx_word' id='word_1_80' title='bbox 447 1446 563 1513; x_wconf 89' lang='lat' dir='ltr'>propter</span> <span class='ocrx_word' id='word_1_81' title='bbox 590 1435 683 1492; x_wconf 82' lang='lat' dir='ltr'>aerarii</span> <span class='ocrx_word' id='word_1_82' title='bbox 710 1434 890 1506; x_wconf 79' lang='lat' dir='ltr'>tenuitatem,</span> 
     </span>
     <span class='ocr_line' id='line_1_14' title="bbox 100 1529 891 1612; baseline -0.011 -17.95"><span class='ocrx_word' id='word_1_83' title='bbox 100 1532 355 1607; x_wconf 77' lang='lat' dir='ltr'>assiduitatemque</span> <span class='ocrx_word' id='word_1_84' title='bbox 371 1533 524 1612; x_wconf 87' lang='lat' dir='ltr'>bellorum)</span> <span class='ocrx_word' id='word_1_85' title='bbox 539 1532 677 1589; x_wconf 88' lang='lat' dir='ltr'>tributum</span> <span class='ocrx_word' id='word_1_86' title='bbox 692 1530 730 1587; x_wconf 86' lang='lat' dir='ltr'>sit</span> <span class='ocrx_word' id='word_1_87' title='bbox 743 1529 891 1586; x_wconf 79' lang='lat' dir='ltr'>eonferen-</span> 
     </span>
     <span class='ocr_line' id='line_1_15' title="bbox 16 1624 892 1721; baseline -0.007 -34"><span class='ocrx_word' id='word_1_88' title='bbox 16 1640 18 1705; x_wconf 63' lang='grc' dir='ltr'><strong>ζ</strong></span> <span class='ocrx_word' id='word_1_89' title='bbox 98 1629 165 1687; x_wconf 82' lang='lat' dir='ltr'>(lum</span> <span class='ocrx_word' id='word_1_90' title='bbox 177 1650 184 1699; x_wconf 92' lang='lat'>;</span> <span class='ocrx_word' id='word_1_91' title='bbox 207 1629 295 1704; x_wconf 92' lang='lat' dir='ltr'>idque</span> <span class='ocrx_word' id='word_1_92' title='bbox 316 1648 354 1686; x_wconf 89' lang='lat' dir='ltr'>ue</span> <span class='ocrx_word' id='word_1_93' title='bbox 374 1629 497 1721; x_wconf 81' lang='lat' dir='ltr'>erepiat,</span> <span class='ocrx_word' id='word_1_94' title='bbox 521 1627 611 1685; x_wconf 92' lang='lat' dir='ltr'>multo</span> <span class='ocrx_word' id='word_1_95' title='bbox 633 1637 700 1684; x_wconf 88' lang='lat' dir='ltr'>ante</span> <span class='ocrx_word' id='word_1_96' title='bbox 720 1626 776 1683; x_wconf 87' lang='lat' dir='ltr'>erit</span> <span class='ocrx_word' id='word_1_97' title='bbox 797 1624 892 1701; x_wconf 86' lang='lat' dir='ltr'>prori-</span> 
     </span>
     <span class='ocr_line' id='line_1_16' title="bbox 16 1720 935 1801; baseline -0.008 -18"><span class='ocrx_word' id='word_1_98' title='bbox 16 1720 18 1777; x_wconf 75' lang='grc' dir='ltr'>Ϊ</span> <span class='ocrx_word' id='word_1_99' title='bbox 99 1725 235 1784; x_wconf 81' lang='lat' dir='ltr'>(lendum.</span> <span class='ocrx_word' id='word_1_100' title='bbox 292 1726 343 1785; x_wconf 89' lang='lat' dir='ltr'>Sin</span> <span class='ocrx_word' id='word_1_101' title='bbox 371 1745 426 1801; x_wconf 88' lang='lat' dir='ltr'>qun</span> <span class='ocrx_word' id='word_1_102' title='bbox 453 1725 612 1782; x_wconf 76' lang='lat' dir='ltr'>nenessitas</span> <span class='ocrx_word' id='word_1_103' title='bbox 643 1723 728 1799; x_wconf 88' lang='lat' dir='ltr'>hujus</span> <span class='ocrx_word' id='word_1_104' title='bbox 762 1722 890 1781; x_wconf 83' lang='lat' dir='ltr'>muueris</span> <span class='ocrx_word' id='word_1_105' title='bbox 904 1726 935 1777; x_wconf 77' lang='lat'>15</span> 
     </span>
     <span class='ocr_line' id='line_1_17' title="bbox 16 1818 889 1898; baseline -0.009 -13"><span class='ocrx_word' id='word_1_106' title='bbox 16 1872 18 1885; x_wconf 77' lang='grc'>,</span> <span class='ocrx_word' id='word_1_107' title='bbox 99 1823 185 1880; x_wconf 90' lang='lat' dir='ltr'>alioui</span> <span class='ocrx_word' id='word_1_108' title='bbox 216 1823 381 1898; x_wconf 73' lang='lat' dir='ltr'>reipublice</span> <span class='ocrx_word' id='word_1_109' title='bbox 404 1822 569 1891; x_wconf 77' lang='lat' dir='ltr'>obuenerit3</span> <span class='ocrx_word' id='word_1_110' title='bbox 597 1819 689 1897; x_wconf 89' lang='lat' dir='ltr'>(malo</span> <span class='ocrx_word' id='word_1_111' title='bbox 709 1820 785 1878; x_wconf 82' lang='lat' dir='ltr'>enini</span> <span class='ocrx_word' id='word_1_112' title='bbox 807 1818 889 1877; x_wconf 85' lang='lat' dir='ltr'>alteri</span> 
     </span>
     <span class='ocr_line' id='line_1_18' title="bbox 16 1914 887 1994; baseline 0.002 -23"><span class='ocrx_word' id='word_1_113' title='bbox 16 1914 18 1971; x_wconf 81' lang='lat'>3</span> <span class='ocrx_word' id='word_1_114' title='bbox 96 1938 181 1994; x_wconf 86' lang='lat' dir='ltr'>quam</span> <span class='ocrx_word' id='word_1_115' title='bbox 204 1929 310 1976; x_wconf 88' lang='lat' dir='ltr'>nostrae</span> <span class='ocrx_word' id='word_1_116' title='bbox 330 1919 469 1989; x_wconf 84' lang='lat' dir='ltr'>ominari3</span> <span class='ocrx_word' id='word_1_117' title='bbox 491 1937 586 1993; x_wconf 87' lang='lat' dir='ltr'>neque</span> <span class='ocrx_word' id='word_1_118' title='bbox 605 1928 701 1975; x_wconf 89' lang='lat' dir='ltr'>tamen</span> <span class='ocrx_word' id='word_1_119' title='bbox 722 1916 758 1974; x_wconf 87' lang='lat' dir='ltr'>de</span> <span class='ocrx_word' id='word_1_120' title='bbox 779 1915 887 1988; x_wconf 68' lang='lat' dir='ltr'>nostra,</span> 
     </span>
     <span class='ocr_line' id='line_1_19' title="bbox 97 2014 887 2094; baseline -0.002 -23.184"><span class='ocrx_word' id='word_1_121' title='bbox 97 2016 145 2072; x_wconf 87' lang='lat' dir='ltr'>sed</span> <span class='ocrx_word' id='word_1_122' title='bbox 161 2016 199 2071; x_wconf 89' lang='lat' dir='ltr'>de</span> <span class='ocrx_word' id='word_1_123' title='bbox 214 2016 294 2072; x_wconf 90' lang='lat' dir='ltr'>omni</span> <span class='ocrx_word' id='word_1_124' title='bbox 308 2016 456 2091; x_wconf 69' lang='lat' dir='ltr'>republica</span> <span class='ocrx_word' id='word_1_125' title='bbox 470 2015 599 2094; x_wconf 83' lang='lat' dir='ltr'>disputo)</span> <span class='ocrx_word' id='word_1_126' title='bbox 611 2014 707 2071; x_wconf 87' lang='lat' dir='ltr'>danda</span> <span class='ocrx_word' id='word_1_127' title='bbox 722 2014 777 2071; x_wconf 89' lang='lat' dir='ltr'>erit</span> <span class='ocrx_word' id='word_1_128' title='bbox 790 2032 887 2089; x_wconf 87' lang='lat' dir='ltr'>opera,</span> 
     </span>
     <span class='ocr_line' id='line_1_20' title="bbox 100 2109 889 2189; baseline -0.003 -20.286"><span class='ocrx_word' id='word_1_129' title='bbox 100 2121 129 2169; x_wconf 90' lang='lat' dir='ltr'>ut</span> <span class='ocrx_word' id='word_1_130' title='bbox 150 2126 256 2168; x_wconf 88' lang='lat' dir='ltr'>omnes</span> <span class='ocrx_word' id='word_1_131' title='bbox 285 2111 456 2188; x_wconf 81' lang='lat' dir='ltr'>intelligant,</span> <span class='ocrx_word' id='word_1_132' title='bbox 479 2111 517 2187; x_wconf 87' lang='lat' dir='ltr'>(si</span> <span class='ocrx_word' id='word_1_133' title='bbox 539 2110 609 2169; x_wconf 83' lang='lat' dir='ltr'>salvi</span> <span class='ocrx_word' id='word_1_134' title='bbox 631 2129 694 2167; x_wconf 86' lang='lat' dir='ltr'>esse</span> <span class='ocrx_word' id='word_1_135' title='bbox 715 2109 817 2189; x_wconf 79' lang='lat' dir='ltr'>velint)</span> <span class='ocrx_word' id='word_1_136' title='bbox 838 2127 889 2166; x_wconf 88' lang='lat' dir='ltr'>ne·</span> 
     </span>
     <span class='ocr_line' id='line_1_21' title="bbox 16 2205 934 2287; baseline -0.009 -21"><span class='ocrx_word' id='word_1_137' title='bbox 16 2210 18 2287; x_wconf 46' lang='lat'><em>}</em></span> <span class='ocrx_word' id='word_1_138' title='bbox 98 2208 226 2266; x_wconf 84' lang='lat' dir='ltr'>cessitati</span> <span class='ocrx_word' id='word_1_139' title='bbox 240 2226 304 2265; x_wconf 86' lang='lat' dir='ltr'>esse</span> <span class='ocrx_word' id='word_1_140' title='bbox 317 2209 485 2284; x_wconf 85' lang='lat' dir='ltr'>parendum.</span> <span class='ocrx_word' id='word_1_141' title='bbox 901 2205 934 2258; x_wconf 63' lang='lat'>2]</span> 
     </span>
     <span class='ocr_line' id='line_1_22' title="bbox 135 2302 888 2381; baseline -0.007 -18"><span class='ocrx_word' id='word_1_142' title='bbox 135 2307 235 2381; x_wconf 85' lang='lat' dir='ltr'>Atque</span> <span class='ocrx_word' id='word_1_143' title='bbox 256 2305 343 2363; x_wconf 88' lang='lat' dir='ltr'>etiam</span> <span class='ocrx_word' id='word_1_144' title='bbox 363 2324 473 2376; x_wconf 86' lang='lat' dir='ltr'>omnes,</span> <span class='ocrx_word' id='word_1_145' title='bbox 487 2305 536 2379; x_wconf 91' lang='lat' dir='ltr'>qui</span> <span class='ocrx_word' id='word_1_146' title='bbox 557 2302 764 2378; x_wconf 77' lang='lat' dir='ltr'>rempublicam</span> <span class='ocrx_word' id='word_1_147' title='bbox 785 2303 888 2379; x_wconf 86' lang='lat' dir='ltr'>guber·</span> 
     </span>
     <span class='ocr_line' id='line_1_23' title="bbox 97 2401 887 2472; baseline -0.004 -13"><span class='ocrx_word' id='word_1_148' title='bbox 97 2403 218 2472; x_wconf 88' lang='lat' dir='ltr'>nabunt,</span> <span class='ocrx_word' id='word_1_149' title='bbox 247 2401 399 2459; x_wconf 81' lang='lat' dir='ltr'>consulere</span> <span class='ocrx_word' id='word_1_150' title='bbox 426 2401 582 2470; x_wconf 89' lang='lat' dir='ltr'>debebunt,</span> <span class='ocrx_word' id='word_1_151' title='bbox 608 2410 640 2457; x_wconf 89' lang='lat' dir='ltr'>ut</span> <span class='ocrx_word' id='word_1_152' title='bbox 666 2417 764 2456; x_wconf 89' lang='lat' dir='ltr'>earum</span> <span class='ocrx_word' id='word_1_153' title='bbox 792 2416 887 2456; x_wconf 87' lang='lat' dir='ltr'>rerum</span> 
     </span>
     <span class='ocr_line' id='line_1_24' title="bbox 17 2493 887 2575; baseline -0.002 -20"><span class='ocrx_word' id='word_1_154' title='bbox 17 2566 18 2575; x_wconf 9' lang='grc' dir='ltr'>ἵ</span> <span class='ocrx_word' id='word_1_155' title='bbox 98 2497 326 2574; x_wconf 64' lang='lat' dir='ltr'>cupiantque</span> <span class='ocrx_word' id='word_1_156' title='bbox 347 2496 606 2554; x_wconf 84' lang='lat' dir='ltr'>suutueeessariae.</span> <span class='ocrx_word' id='word_1_157' title='bbox 646 2493 780 2556; x_wconf 82' lang='lat' dir='ltr'>Quarum</span> <span class='ocrx_word' id='word_1_158' title='bbox 794 2493 887 2569; x_wconf 82' lang='lat' dir='ltr'>qtralis</span> 
     </span>
     <span class='ocr_line' id='line_1_25' title="bbox 99 2592 888 2670; baseline -0.004 -18"><span class='ocrx_word' id='word_1_159' title='bbox 99 2593 276 2670; x_wconf 78' lang='lat' dir='ltr'>comparatio</span> <span class='ocrx_word' id='word_1_160' title='bbox 290 2593 352 2650; x_wconf 87' lang='lat' dir='ltr'>lieri</span> <span class='ocrx_word' id='word_1_161' title='bbox 366 2593 455 2650; x_wconf 81' lang='lat' dir='ltr'>soleat</span> <span class='ocrx_word' id='word_1_162' title='bbox 469 2603 498 2649; x_wconf 87' lang='lat' dir='ltr'>et</span> <span class='ocrx_word' id='word_1_163' title='bbox 512 2592 626 2661; x_wconf 85' lang='lat' dir='ltr'>debeat,</span> <span class='ocrx_word' id='word_1_164' title='bbox 637 2608 695 2649; x_wconf 90' lang='lat' dir='ltr'>non</span> <span class='ocrx_word' id='word_1_165' title='bbox 710 2600 754 2648; x_wconf 88' lang='lat' dir='ltr'>est</span> <span class='ocrx_word' id='word_1_166' title='bbox 767 2609 888 2649; x_wconf 85' lang='lat' dir='ltr'>neeesse</span> 
     </span>
     <span class='ocr_line' id='line_1_26' title="bbox 99 2688 933 2766; baseline 0 -18"><span class='ocrx_word' id='word_1_167' title='bbox 99 2690 260 2766; x_wconf 84' lang='lat' dir='ltr'>disputare:</span> <span class='ocrx_word' id='word_1_168' title='bbox 285 2700 327 2747; x_wconf 88' lang='lat' dir='ltr'>est</span> <span class='ocrx_word' id='word_1_169' title='bbox 347 2689 426 2747; x_wconf 89' lang='lat' dir='ltr'>enim</span> <span class='ocrx_word' id='word_1_170' title='bbox 447 2688 476 2746; x_wconf 90' lang='lat' dir='ltr'>in</span> <span class='ocrx_word' id='word_1_171' title='bbox 496 2698 648 2764; x_wconf 89' lang='lat' dir='ltr'>promptu:</span> <span class='ocrx_word' id='word_1_172' title='bbox 675 2696 786 2745; x_wconf 90' lang='lat' dir='ltr'>tantum</span> <span class='ocrx_word' id='word_1_173' title='bbox 806 2688 888 2746; x_wconf 85' lang='lat' dir='ltr'>loeus</span> <span class='ocrx_word' id='word_1_174' title='bbox 901 2697 933 2748; x_wconf 60' lang='grc' dir='ltr'>ὕ</span> 
     </span>
     <span class='ocr_line' id='line_1_27' title="bbox 101 2785 358 2865; baseline 0 -21"><span class='ocrx_word' id='word_1_175' title='bbox 101 2787 284 2865; x_wconf 84' lang='lat' dir='ltr'>attingendus</span> <span class='ocrx_word' id='word_1_176' title='bbox 298 2785 358 2844; x_wconf 84' lang='lat' dir='ltr'>fuit.</span> 
     </span>
     <span class='ocr_line' id='line_1_28' title="bbox 136 2879 887 2960; baseline -0.007 -19"><span class='ocrx_word' id='word_1_177' title='bbox 136 2885 232 2960; x_wconf 87' lang='lat' dir='ltr'>Caput</span> <span class='ocrx_word' id='word_1_178' title='bbox 247 2894 342 2941; x_wconf 87' lang='lat' dir='ltr'>autem</span> <span class='ocrx_word' id='word_1_179' title='bbox 357 2892 400 2941; x_wconf 89' lang='lat' dir='ltr'>est</span> <span class='ocrx_word' id='word_1_180' title='bbox 415 2882 444 2940; x_wconf 87' lang='lat' dir='ltr'>in</span> <span class='ocrx_word' id='word_1_181' title='bbox 458 2883 537 2940; x_wconf 88' lang='lat' dir='ltr'>omui</span> <span class='ocrx_word' id='word_1_182' title='bbox 554 2883 757 2958; x_wconf 78' lang='lat' dir='ltr'>procuratione</span> <span class='ocrx_word' id='word_1_183' title='bbox 777 2879 887 2956; x_wconf 84' lang='lat' dir='ltr'>negotii</span> 
     </span>
     <span class='ocr_line' id='line_1_29' title="bbox 102 2975 887 3060; baseline -0.009 -20"><span class='ocrx_word' id='word_1_184' title='bbox 102 2991 128 3040; x_wconf 84' lang='lat' dir='ltr'>et</span> <span class='ocrx_word' id='word_1_185' title='bbox 149 2981 278 3041; x_wconf 86' lang='lat' dir='ltr'>muneris</span> <span class='ocrx_word' id='word_1_186' title='bbox 300 2980 422 3060; x_wconf 77' lang='lat' dir='ltr'>publici,</span> <span class='ocrx_word' id='word_1_187' title='bbox 446 2992 477 3039; x_wconf 92' lang='lat' dir='ltr'>ut</span> <span class='ocrx_word' id='word_1_188' title='bbox 500 2980 626 3040; x_wconf 73' lang='lat' dir='ltr'>avaritias</span> <span class='ocrx_word' id='word_1_189' title='bbox 651 2979 774 3057; x_wconf 85' lang='lat' dir='ltr'>pellatur</span> <span class='ocrx_word' id='word_1_190' title='bbox 800 2975 887 3035; x_wconf 84' lang='lat' dir='ltr'>etiam</span> 
     </span>
    </p>
   </div>
   <div class='ocr_carea' id='block_1_3' title="bbox 0 0 1111 3492">
    <p class='ocr_par' dir='ltr' id='par_1_3' title="bbox 0 0 1111 3492">
     <span class='ocr_line' id='line_1_30' title="bbox 0 0 1111 3492; baseline 0 0"><span class='ocrx_word' id='word_1_191' title='bbox 0 0 1111 3492; x_wconf 95' lang='lat' dir='ltr'> </span> 
     </span>
    </p>
   </div>
  </div>
 </body>
</html>
