2200 3492
180 196 221 254 96
517 204 562 252 nn
582 204 728 251 osrrcns.
937 203 978 262 [u.
990 202 1021 248 n

228 353 486 426 administratione,
510 365 666 412 uteremur.
707 353 812 427 Neque
837 352 918 411 enim
945 351 1022 410 vale·

227 450 336 509 tudinis
356 452 479 524 curatio,
494 468 588 526 neque
608 450 765 527 nauigatio,
779 468 875 528 neque
896 449 1021 526 agricul-

227 558 301 620 tura,
329 567 423 624 neque
457 549 571 625 frugum
607 548 809 623 fructuumque
842 546 1021 623 reliquorum

226 645 375 722 perceptio
396 657 426 702 et
446 645 639 716 conservatio,
660 643 724 701 sine
744 643 895 701 hominum
919 644 1020 720 operi,

196 750 213 799 5
228 743 286 803 ulla
300 762 363 799 esse
376 743 525 819 potuisset.
720 742 730 757 “

268 838 334 897 Jam
354 859 422 896 vero
442 847 472 896 et
492 857 590 897 earum
612 853 717 910 rerum,
735 837 839 913 quibus
861 839 1022 899 abundare·

228 955 301 1009 mus,
330 937 499 1014 exportatio,
527 947 557 994 et
583 954 693 1008 earum,
722 934 827 1011 quibus
857 955 1020 1013 egeremus,
1075 982 1076 989 ,

228 1033 364 1107 invectio,
386 1044 465 1092 certe
485 1034 565 1091 nullu
588 1043 673 1105 esset,
694 1032 751 1090 nisi
779 1032 824 1089 his
847 1035 1022 1111 muneribus

228 1130 360 1188 homines
388 1131 585 1208 fungerentur.
627 1130 796 1205 Eodemque
819 1130 943 1203 ratione,
965 1149 1022 1189 neo

182 1236 213 1286 lo
228 1226 338 1303 lapides
361 1246 377 1284 e
400 1228 476 1284 terrei
500 1226 703 1285 exciderentur
725 1226 762 1284 ad
785 1246 870 1285 usum·
889 1238 1022 1287 nostrum

228 1324 401 1396 necessariij

259 1486 276 1514 ‘⁶
285 1483 339 1533 Nec
354 1483 456 1546 ferrum,
467 1499 511 1546 ωε,
522 1498 621 1544 nurum,
631 1490 775 1551 argentum,
786 1482 936 1531 effoderetur
951 1482 1021 1547 peni·

322 1572 364 1614 tus
374 1564 511 1627 abditum‚'’

229 1718 293 1776 sine
307 1717 455 1775 hominum
470 1718 569 1774 labore
585 1727 614 1774 et
629 1736 724 1774 manu.

240 1922 244 1929 '
268 1909 319 1968 IV.
342 1908 438 1968 Tecta
450 1928 529 1982 vero,
544 1910 649 1985 quibus
669 1920 699 1968 et
719 1909 858 1987 frigorum
872 1910 916 1968 vis
934 1910 1023 1986 pelle·

183 2013 214 2063 15
229 2017 316 2079 retur,
332 2017 362 2064 et
375 2007 504 2066 culorum
526 2008 665 2065 molestie
685 2007 863 2079 sedarentur,
879 2007 959 2064 unde
975 2017 1024 2065 aut

229 2102 313 2161 initio
334 2088 437 2180 generi
454 2104 582 2161 humano
597 2103 658 2161 dari
671 2103 842 2179 potuissent,
858 2111 907 2161 aut
920 2115 1023 2179 postea

230 2198 385 2271 subveniri,
401 2188 431 2258 si
440 2211 489 2259 unt
502 2202 530 2259 vi
550 2200 739 2276 tempestatis,
755 2213 804 2259 aut
823 2210 907 2258 terrae
929 2212 1022 2272 motu,

230 2307 280 2355 aut
299 2306 441 2371 vetustate
462 2298 647 2369 cecidissent,
661 2296 718 2354 nisi
733 2297 896 2355 communis
910 2299 972 2356 vita
988 2298 1023 2356 ab

229 2392 394 2452 hominibus
418 2384 523 2452 harum
550 2413 645 2451 rerum
677 2394 784 2460 auxilia
815 2404 915 2470 petere
933 2395 1024 2452 'didi-

182 2505 214 2557 20
230 2491 338 2548 cisset‘t
391 2491 476 2549 Adde
509 2491 614 2547 ductus
649 2510 796 2566 aquarum,
829 2491 1023 2550 derivationes

229 2586 390 2660 fluminum,
407 2606 540 2665 agrorum
562 2587 755 2663 irrigationes,
769 2588 859 2646 moles
876 2591 1023 2666 oppositas

230 2683 376 2757 fluctibus,
396 2694 496 2761 portus
517 2680 605 2741 manu
626 2685 734 2756 sactos;
762 2702 826 2761 quae
849 2687 938 2757 unde,
960 2688 1023 2745 sine

229 2780 380 2841 hominum
401 2782 499 2858 operti,
521 2781 628 2840 habere
648 2783 819 2858 possemus?
846 2801 883 2840 ex
906 2785 1022 2859 quibus,

231 2878 383 2955 multisque
418 2879 490 2948 aliis,
518 2880 703 2957 perspicuum
734 2891 788 2950 est,
816 2881 865 2956 qui
900 2881 1021 2954 fruetus,

183 2989 216 3040 25
232 2996 351 3054 quaeque
380 2977 529 3052 utilitates,
558 2997 595 3037 ex
620 2979 707 3037 rebus
733 2978 769 3037 iis
796 2996 859 3055 quae
886 2989 954 3038 sunt
981 2979 1024 3037 in'-
