2200 3492
99 239 192 300 um]
401 240 445 287 nr:
466 241 614 288 osricus.
879 229 936 290 175

70 355 75 365 ¹
97 386 218 459 tatibus,
236 386 361 459 fiduciis,
381 389 533 465 mandatis,
555 390 641 447 rebus
661 389 775 465 emptis,
795 387 892 446 vendi·

99 481 146 563 tis,
161 482 327 554 eonduotiS,
341 483 454 556 locatis,
469 484 574 559 quibus
594 484 659 542 vite
681 485 805 543 societas
826 503 892 541 oon·

98 577 258 636 lineretur:
287 579 316 637 in
343 579 388 636 his
414 580 512 658 magni
539 597 603 639 esse
627 581 745 657 judicis,
766 590 892 638 statuere

100 673 273 750 (praesertim
295 695 362 735 oum
381 676 412 733 in
426 677 570 752 plerisque
584 688 681 735 essent
698 677 810 754 judicia
824 695 892 734 oon·
957 681 962 691 “

99 771 201 850 traria)
217 772 285 848 quid
307 791 449 848 quemque
470 775 576 849 ouique
590 784 724 851 prestare
738 782 889 850 oporteret.
905 783 921 830 5

138 865 294 928 Quocirca
308 868 418 926 astutia
431 869 564 927 tollendae
579 879 654 941 sunt,
666 888 757 945 eaque
772 870 890 941 malitia,

99 982 163 1038 quae
181 963 241 1020 vult
262 963 311 1021 illa
330 964 445 1039 quidem
467 965 558 1023 videri
571 985 602 1023 se
616 984 680 1024 esse
699 966 890 1043 prudentiam,

99 1059 150 1116 sed
168 1060 248 1117 abest
263 1061 299 1118 ab
312 1061 357 1133 ed,
372 1060 513 1138 distatque
529 1063 693 1139 plurimum.
735 1062 893 1120 Prudentia

100 1164 145 1211 est
158 1155 238 1213 enim
252 1155 349 1214 locata
361 1156 391 1214 in
406 1157 520 1219 deleotu
535 1159 675 1217 bonorum
691 1169 720 1216 et
734 1158 890 1216 malorum:

100 1252 212 1309 malitia
233 1251 272 1328 (si
291 1253 398 1324 omnia,
417 1272 480 1328 quae
501 1255 597 1330 turpia
616 1265 692 1327 sunt,
713 1255 789 1313 mala
809 1257 890 1336 sunt)
907 1269 936 1317 10

101 1349 177 1406 mala
201 1349 285 1406 bonis
311 1350 391 1426 punit
416 1360 489 1408 ante.
543 1351 611 1408 Nee
634 1371 701 1410 vero
725 1353 754 1410 in
777 1352 892 1428 prediis

100 1444 195 1503 solum
222 1445 270 1521 jus
297 1446 392 1517 civile,
419 1446 538 1505 ductum
568 1467 585 1504 a
611 1449 723 1519 natura,
753 1448 890 1505 malitiam

101 1541 290 1616 fraudemque
316 1542 459 1613 vindieat;
487 1544 549 1616 sed,
578 1544 664 1603 etiam
686 1544 716 1602 in
737 1543 892 1620 mancipio-

102 1656 165 1696 rum
187 1638 361 1710 venditione,
379 1639 456 1697 lraus
475 1639 634 1697 venditoris
653 1640 747 1698 omnis
765 1639 892 1698 excludi-

103 1745 155 1793 tur.
211 1734 273 1796 Qui
301 1736 379 1793 enim
407 1736 482 1792 seire
506 1736 615 1808 debuit,
634 1736 676 1802 ,de
699 1736 831 1807 sanitate,
855 1736 891 1795 de
906 1749 945 1799 15⁴

101 1831 181 1909 lugd,
196 1832 233 1888 de
254 1831 346 1904 furtis,
363 1842 477 1907 praestat
498 1832 596 1889 edicto
617 1833 758 1892 edilium,
793 1833 892 1893 Haere-

100 1928 170 1986 dum
196 1928 253 1986 alia
276 1946 364 1986 eausa
387 1938 438 1986 est.
480 1928 525 1987 Ex
548 1948 606 2004 quo
626 1929 804 2008 intelligitur,
823 1950 893 2008 quo·

100 2025 181 2083 niam
199 2024 272 2101 juris
290 2035 393 2082 natura
411 2025 474 2083 fons
492 2024 538 2096 sit,
557 2025 613 2082 hoo
632 2029 791 2085 seeundum
811 2038 893 2085 natu-

101 2141 161 2179 ram
189 2139 263 2192 esse,
291 2121 437 2178 neminem
465 2122 494 2179 id
522 2141 617 2198 agere,
645 2132 677 2179 ut
702 2141 740 2178 ex
775 2123 892 2180 alterius

100 2218 245 2295 praedetur
269 2217 431 2275 inscientid.
486 2217 552 2274 Neo
578 2217 636 2274 ulla
661 2217 804 2293 pernicies
827 2218 891 2275 vite
905 2233 937 2283 m

87 2314 193 2390 ¹major
215 2313 337 2371 inveniri
358 2323 461 2389 potest,
476 2333 561 2389 quam
577 2314 607 2370 in
622 2313 732 2370 malitid
748 2313 892 2371 simulatio

102 2410 318 2486 intelligentiae:
340 2429 376 2467 ex
390 2427 447 2485 qno
462 2410 517 2467 ista
530 2409 750 2467 innumerabilia
771 2429 893 2467 nascun-

101 2517 158 2579 tur,
180 2517 212 2564 nt
233 2507 315 2564 utilia
337 2526 404 2564 oum
428 2506 556 2567 honestis
579 2525 709 2582 pugnare
733 2505 891 2564 videantur.

100 2592 221 2668 Quotus
235 2604 312 2661 enim
328 2604 448 2678 quisque
466 2603 635 2679 reperietur,
649 2603 709 2679 qui,
724 2603 893 2679 impunitate

102 2711 131 2758 et
145 2700 326 2779 ignoratione
346 2701 474 2758 omnium
495 2698 650 2776 propositi,
666 2699 809 2757 abstinere
829 2719 893 2776 pos-
906 2716 938 2766 25

102 2797 280 2874 utriquest
836 2782 838 2786 ‘

142 2986 257 3046 xvrn.
279 2985 489 3058 Periclitemur,
504 2986 528 3043 si
547 2985 654 3063 planet,
669 2986 700 3045 iu
720 2985 756 3044 iis
776 2985 893 3062 quidem
