2200 3492
84 213 167 275 nur
368 216 413 264 nn
434 215 581 263 orucus.
872 205 935 269 3¹1x

83 363 189 442 magis,
214 364 303 440 quod,
332 363 385 447 [si]
414 384 479 424 eam
505 383 566 423 non
592 363 751 436 habebunt,
779 360 880 439 injusti

83 460 285 521 habebuntur:
306 461 393 520 nullis
412 462 556 539 presidiis
575 462 660 539 septi,
674 461 773 520 multis
792 460 880 523 affici·

83 570 168 617 antur
182 558 306 635 injuriis.

121 655 223 730 Atque
250 655 287 714 iis
313 656 412 727 etiam,
434 656 483 732 qui
510 656 649 726 venduut,
677 666 787 728 emunt,
812 675 881 715 oon·

82 753 207 825 ducunt,
228 753 337 825 loeant,
358 754 621 830 contrahendisque
641 752 768 831 negotiis
788 753 912 831 impu-⁵

83 859 198 923 eantur,
223 850 346 928 justitia,
376 850 412 908 ad
438 870 501 932 reru
527 850 694 928 gerendam,
715 850 882 910 necessaria

82 957 144 1018 ost;
166 947 253 1024 oujus
273 958 354 1006 tanta
373 948 416 1006 ris
436 959 491 1020 est,
511 959 602 1007 utne
622 947 665 1005 illi
685 948 814 1024 quidem,
830 947 880 1024 qui

81 1044 230 1102 malefino
242 1055 273 1103 et
286 1045 397 1103 soelero
416 1056 586 1122 pascuntur,
600 1045 722 1123 possint,
737 1045 801 1104 sina
821 1044 881 1103 ulla

81 1141 229 1220 particula
259 1142 389 1220 justitiae,
416 1143 520 1202 rivere.
579 1142 669 1215 Nam,
697 1144 746 1219 qui
780 1161 880 1201 eorum

82 1238 222 1316 cuipiam,
244 1239 293 1315 qui
313 1239 373 1297 uni
393 1239 615 1312 latrocinantur,
637 1240 747 1298 furatur
772 1239 880 1315 aliquid
898 1242 928 1292 ¹⁰

83 1346 134 1396 aut
154 1336 253 1415 eripit,
274 1337 299 1395 is
319 1337 374 1395 sibi
401 1357 439 1396 ue
462 1337 493 1396 iu
520 1338 675 1396 latrocinio
701 1337 818 1416 quidem
838 1357 883 1396 re·

82 1434 190 1511 linquit
210 1433 326 1493 loourn:
351 1435 400 1493 ille
421 1445 528 1507 autem,
542 1434 593 1511 qui
615 1434 790 1511 archipirata
809 1434 881 1492 dioi-

82 1541 141 1605 tnr,
169 1530 227 1589 nisi
262 1530 440 1607 nquabiliter
473 1531 602 1608 praedam
636 1530 796 1606 dispertiat,
832 1540 881 1587 aut

83 1628 275 1688 interficiatur
303 1648 321 1687 a
347 1628 445 1701 sociis,
467 1638 517 1686 aut
543 1627 731 1704 relinquatur.
784 1626 881 1689 Quin·

82 1725 172 1785 etiam
205 1725 287 1803 leges
319 1725 464 1784 latronum
497 1744 562 1784 esse
596 1725 743 1797 dicuutur,
775 1724 880 1802 quibus
897 1723 927 1773 1⁵

82 1830 214 1900 pareunt,
230 1841 302 1898 quas
320 1823 480 1881 observent.
523 1822 635 1898 ltaque,
649 1831 765 1899 propter
786 1838 880 1899 aqua·

82 1920 173 1978 bilem
199 1920 304 1997 prada
330 1920 527 1996 partitionem,
548 1930 578 1978 et
602 1920 743 1996 Bradylis,
764 1919 879 1996 Illyrius

81 2017 169 2090 latro,
189 2016 304 2092 dequo
330 2028 375 2075 est
401 2018 476 2094 apud
504 2017 738 2095 Theopompum,
760 2036 880 2095 magnas

82 2133 155 2192 opes
174 2114 293 2185 habuit3
314 2124 344 2172 et
363 2114 454 2173 multo
475 2114 597 2191 majores
617 2115 748 2172 Viriatus
767 2114 882 2172 Lusita·

82 2229 155 2269 nus:
178 2210 227 2269 oui
247 2208 365 2289 quidem
384 2211 473 2269 etiam
494 2211 639 2269 exereitus
653 2212 745 2271 nostri
759 2211 882 2287 impera·
895 2214 928 2264 2⁸

80 2319 219 2385 torosque
246 2318 412 2380 eesserunt;
445 2327 531 2384 quem
560 2309 593 2367 C.
622 2309 729 2366 Laelius
757 2307 806 2385 (is,
831 2306 880 2382 qui

82 2406 209 2482 Sapiens
229 2407 395 2486 usurpatur)
410 2416 513 2482 praetor
533 2406 629 2483 fregit,
644 2417 674 2462 et
690 2403 879 2474 comminuit,

82 2502 323 2579 ferooitatemque
338 2500 400 2579 ejus
415 2502 454 2560 ita
467 2504 614 2580 repressit,
626 2512 658 2561 ut
672 2501 758 2559 laoile
772 2502 880 2559 bellum

81 2599 203 2676 reliquis
221 2598 357 2658 traderet.
400 2600 476 2657 Cum
497 2600 585 2677 igitur
606 2598 744 2656 tentaris
760 2598 880 2675 justitiae

81 2696 129 2768 sit,
159 2707 191 2754 ut
217 2714 254 2753 ea
280 2696 367 2753 etiarn
394 2696 539 2754 latronum
567 2712 638 2772 opes
670 2696 764 2754 firmet
794 2706 880 2772 atque
895 2708 927 2757 ᾔ

82 2802 197 2871 augeat,
212 2801 350 2868 quautam
369 2793 432 2870 ejus
446 2792 503 2850 rim
524 2793 600 2851 inter
615 2792 695 2871 leges
710 2802 739 2851 et
756 2791 879 2871 judicia,

82 2889 112 2948 in
126 2890 288 2949 constituta
301 2889 461 2966 republica,
476 2890 538 2949 fore
551 2891 705 2969 putamus‘l
