2200 3492
184 245 241 306 128
522 255 564 301 or:
587 253 734 323 osricus.
943 248 1024 311 [uu
1072 256 1074 295 ι

230 405 366 464 adversus
389 424 533 483 eosquos
554 407 661 466 inritus
680 407 820 479 offendas,
841 404 1025 482 quicumque

229 502 332 579 possis,
347 523 436 579 quare
450 505 490 578 id,
505 505 582 581 quod
597 506 710 577 feceris,
722 523 844 561 neeesse
858 502 956 573 suerit,
969 519 1025 560 nee

231 600 312 658 aliter
333 602 429 659 faeere
449 603 596 679 potueris:
621 601 792 676 ceterisque
812 600 910 676 operis
923 609 953 656 et
966 598 1026 656 offi-

230 698 284 756 oiis
298 699 363 771 erit,
378 699 456 773 quod
470 699 608 757 violatum
622 708 675 770 est,
690 697 949 773 compensandum.

198 900 215 946 5
269 892 339 950 XX.
363 890 422 950 sed
450 911 528 963 oum,
556 892 586 949 in
615 891 779 951 hominibus
803 889 949 967 juvandis,
978 897 1026 947 out

230 1006 324 1046 mores
338 988 472 1065 spectari,
489 998 538 1045 aut
551 988 668 1045 fortuna
681 987 789 1058 soleat3
811 986 894 1043 dioto
909 985 1025 1060 quidem

229 1094 273 1141 est
287 1086 425 1160 proclive,
440 1086 536 1162 itaque
551 1084 638 1162 vulgo
656 1085 823 1161 loquuntur,
838 1103 880 1155 se,
896 1083 927 1141 in
941 1085 1027 1141 berre·

229 1180 303 1239 liciis
315 1180 503 1253 collocandis,
515 1200 612 1239 mores
627 1182 788 1254 hominum,
800 1200 860 1239 non
870 1181 1026 1251 fortunam,

229 1278 320 1352 sequi.
359 1277 492 1336 Honesta
502 1278 596 1336 oratio
607 1290 659 1336 est
698 1279 756 1336 Sed
768 1279 833 1353 quis
843 1288 887 1335 est
898 1277 1026 1348 tandem,

184 1382 215 1430 10
230 1372 278 1448 qui
295 1373 389 1450 inopis
403 1384 432 1430 et
445 1374 547 1450 optimi
560 1374 614 1431 riri
630 1394 724 1432 oausae
738 1393 798 1431 uon
814 1384 984 1450 anteponat,
999 1372 1028 1430 in
1066 1366 1069 1371 ’

230 1473 318 1548 operti
333 1472 438 1545 dandal,
453 1472 576 1551 gratiam
599 1471 737 1530 fortunati
758 1482 787 1528 et
807 1472 959 1548 potentis?
1001 1469 1026 1526 A

229 1588 288 1658 quo
302 1569 380 1627 enirn
394 1569 554 1646 expeditior
568 1580 597 1627 et
611 1569 732 1628 celerior
753 1569 952 1626 remuneratio
969 1569 1028 1627 fore

230 1666 353 1738 videtur,
368 1667 399 1724 in
413 1686 479 1724 eum
502 1667 562 1724 fere
578 1676 622 1725 est
636 1666 767 1724 voluntas
788 1676 886 1724 nostra
905 1685 1029 1744 properi«

188 1760 198 1797 ³
231 1763 297 1820 sior.
340 1763 399 1820 Sed
415 1764 701 1821 animadvertendum
716 1773 759 1821 est
772 1763 954 1841 diligentius,
967 1783 1028 1840 quae

184 1866 215 1915 15
230 1871 334 1917 natura
354 1878 449 1917 rerum
470 1860 515 1917 sit.
559 1861 705 1918 Nimirum
726 1861 804 1919 enim
826 1861 911 1937 inops
929 1861 991 1933 ille,
1005 1860 1027 1918 si

230 1957 325 2014 bonus
338 1956 445 2030 ostris,
457 1956 545 2014 etiarn
560 1957 584 2014 si
598 1958 705 2015 referre
715 1957 838 2034 gratiam
850 1976 910 2015 non
921 1968 1028 2034 potest,

230 2052 337 2111 babere
358 2063 437 2111 oerte
450 2063 553 2130 potest.
596 2055 758 2113 Commode
773 2065 880 2127 sotem,
896 2056 1028 2130 quicum·

229 2169 285 2227 que
297 2151 378 2224 dixit,
392 2151 573 2228 “pecuniam
587 2152 636 2228 qui
652 2153 766 2223 habeat,
777 2171 836 2209 non
848 2153 1027 2224 reddidisse;

229 2249 278 2326 qui
298 2249 467 2322 reddiderit,
488 2269 547 2307 uon
569 2250 692 2320 habere3
721 2249 843 2327 gratiam
868 2261 979 2324 autem,
1001 2260 1029 2308 et

181 2356 214 2408 20
230 2348 279 2424 qui
299 2347 441 2421 retulerit,
462 2346 580 2418 habere,
602 2347 700 2421 etqui
725 2348 839 2419 habeat,
863 2349 1027 2407 retulisse.”

215 2446 280 2531 ⁸At,
302 2445 351 2520 qui
373 2464 404 2503 se
424 2444 592 2520 locupletes,
612 2443 777 2515 honoratos,
793 2446 893 2503 beatos
912 2456 1027 2522 putant,

229 2541 259 2597 hi
280 2561 318 2598 ne
338 2541 462 2620 obligari
482 2541 599 2617 quidem
621 2542 764 2599 beneficio
785 2543 892 2602 volunt.
940 2544 1027 2607 Quin

158 2624 160 2628 ’
229 2637 316 2694 etiem
345 2638 519 2697 beneficium
545 2657 577 2695 se
603 2638 718 2698 dedisse
747 2640 932 2714 arbitrantur,
958 2660 1027 2699 oum

228 2733 284 2811 ipsi
298 2736 429 2810 quumvis
449 2755 587 2813 magnum
602 2737 718 2811 aliquod
734 2740 916 2815 acceperint:
939 2750 1026 2817 atque

180 2839 212 2889 25
229 2822 316 2890 etiam
338 2852 355 2890 a
374 2851 406 2890 se
425 2833 563 2909 postulari
585 2846 634 2891 aut
650 2835 811 2911 exspectari
832 2836 943 2911 aliquid
965 2856 1027 2895 sus·

227 2930 379 3007 pioontur:
407 2930 569 3007 patrocinio
593 2951 660 2989 vero
686 2951 717 2988 se
745 2951 820 3004 usos,
845 2943 875 2989 et
902 2934 1025 2994 clientes

230 3028 377 3106 appellari,
406 3028 506 3087 mortis
533 3028 624 3087 instor
649 3039 761 3106 putant.
811 3029 852 3089 At
879 3050 948 3090 vero
976 3032 1024 3091 ills
