2200 3492
84 236 156 296 an]
386 234 429 283 nu
448 235 596 284 omens.
884 227 925 285 65

84 387 159 459 viro,
181 396 211 444 et
234 386 373 444 decorum
397 386 525 451 ridetur:
546 386 624 462 quod
648 396 759 459 contra,
784 385 824 459 id,
846 395 879 443 ut

83 495 180 559 turpe,
195 484 240 541 sic
253 484 432 542 indecorum.

123 581 230 642 Quare
248 581 373 656 pertinet
386 581 503 657 quidem
519 581 555 643 ad
569 600 685 640 omnem
699 581 879 639 honestatem

85 678 145 735 hoc
161 676 253 756 (quod
268 678 349 758 dico)
365 678 521 736 decorum:
542 688 572 737 et
582 678 623 737 ita
631 679 766 755 pertinet,
778 687 810 735 ut
820 696 879 735 non

86 775 241 832 recondita
262 774 386 849 quddam
413 774 526 833 ratione
555 786 700 847 cernatur,
721 775 772 833 sed
792 774 830 832 sit
850 774 910 832 ln5

86 881 234 947 promptu.
275 871 330 928 Est
344 870 422 929 enim
441 871 589 947 quiddam,
604 869 690 948 idque
711 871 881 948 intelligitur

88 969 117 1026 iu
138 968 221 1025 omni
242 968 356 1040 virtute,
372 968 449 1043 quod
468 968 586 1039 deceat;
608 968 685 1044 quod
706 968 880 1045 cogitatione

87 1065 182 1142 magis
192 1084 215 1129 =a
228 1065 334 1122 virtute
346 1075 450 1141 potest,
461 1083 549 1140 quam
562 1083 604 1136 re,
615 1064 749 1142 separari.
783 1064 823 1122 Ut
836 1082 883 1121 ve·

88 1171 190 1219 uustas
204 1170 234 1217 et
246 1160 433 1236 pulchritudo
446 1160 575 1235 corporis
589 1161 701 1219 secerni
716 1179 775 1218 non
787 1169 883 1236 potest
949 1194 951 1199 ,
1024 1192 1034 1210 ι

90 1257 298 1328 avaletudine3
314 1257 356 1314 sic
368 1257 424 1315 hoc
432 1255 482 1335 (de
493 1276 550 1332 quo
560 1257 723 1337 loquimur)
731 1256 881 1326 decorum,
898 1270 928 1320 ιο

89 1366 183 1413 totum
205 1354 276 1411 illud
298 1352 414 1429 quidem
434 1363 479 1411 est
499 1372 566 1412 cum
587 1354 692 1412 virtute
712 1354 881 1424 confusum3

89 1452 139 1510 sed
155 1460 254 1509 mente
268 1460 298 1507 et
311 1450 488 1527 cogitatione
502 1449 699 1527 distinguitur.

129 1547 185 1605 Est
213 1556 311 1609 autem
338 1546 400 1623 ejus
426 1545 585 1622 descriptio
610 1545 734 1621 duplex:
763 1563 830 1603 nam
854 1554 883 1603 et

91 1643 228 1722 generale
243 1640 387 1719 quoddam
402 1644 541 1700 decorum
556 1641 753 1719 intelligimus,
765 1641 843 1717 quod
854 1641 884 1699 in

90 1741 170 1800 omni
193 1741 343 1799 honestate
364 1750 508 1811 uersatum
530 1749 560 1797 et
581 1739 669 1811 aliud,
684 1738 885 1816 huic'subjec·
900 1750 930 1799 15

91 1851 162 1912 tum,
177 1838 257 1915 quod
270 1837 395 1914 pertinet
410 1834 446 1895 ad
462 1837 592 1914 singulas
604 1847 702 1914 partes
715 1837 882 1896 honestatis.

90 1938 191 2011 Atque
211 1935 284 1993 illud
305 1934 436 2012 superius
455 1934 498 1992 sic
514 1934 575 1992 fere
588 1933 702 1992 definiri
714 1934 806 1992 solet:
827 1933 886 1992 De·

92 2052 195 2092 corum
216 2032 246 2090 id
267 2051 342 2104 ease,
356 2032 434 2107 quod
455 2042 683 2091 consentaneum
703 2031 740 2089 sit
761 2031 886 2090 homiuis

92 2129 283 2201 excellentias,
299 2128 329 2185 in
349 2147 394 2200 eo,
410 2128 440 2185 in
460 2146 519 2203 quo
532 2138 635 2186 natura
655 2128 717 2205 ejus
733 2147 750 2186 a
767 2126 886 2202 reliquis

94 2225 290 2284 animantibus
308 2223 430 2281 differat.
471 2222 548 2285 Que
567 2233 662 2281 autem
675 2242 742 2300 para
755 2223 886 2298 subjecta
900 2231 932 2281 20

92 2322 193 2399 generi
207 2332 264 2392 est,
278 2338 342 2377 eam
356 2320 401 2377 sic
413 2318 565 2391 deliniunt,
580 2328 612 2376 ut
626 2318 657 2376 id
670 2320 808 2376 decorum
822 2335 886 2376 esse

94 2419 191 2485 velint,
207 2417 286 2493 quod
307 2417 348 2473 ita
368 2426 479 2474 naturae
499 2425 726 2473 consentaneum
748 2415 794 2482 sit,
810 2415 886 2474 utin

93 2536 127 2575 eo
142 2514 305 2572 moderatio
326 2522 355 2570 et
375 2512 567 2588 temperantia
585 2521 729 2589 appareat,
745 2531 811 2571 curn
825 2532 887 2589 spe·

93 2614 138 2670 cie
153 2611 281 2687 quadam
295 2609 417 2667 liberali,

131 2800 281 2862 XXVIII.
314 2800 388 2859 Haec
403 2802 444 2860 ita
457 2802 592 2880 intelligi,
606 2802 770 2860 existimare
787 2821 888 2877 possu-
901 2817 933 2865 25

96 2922 167 2973 mus,
189 2919 226 2958 ex
248 2917 285 2956 eo
307 2898 414 2956 decoro
437 2899 516 2974 quod
537 2904 633 2976 poetae
653 2909 828 2974 sequuntur3
850 2897 887 2955 de

96 3019 151 3076 quo
166 2998 224 3057 alio
237 2996 306 3054 loco
318 2994 403 3071 plura
415 2995 475 3054 dici
485 2996 588 3054 solent.
630 2995 689 3054 Sed
700 3005 760 3052 tum
774 3012 887 3051 servare
