2200 3492
162 204 220 266 1⁰6
499 217 542 264 nu
565 218 711 266 ormcus.
920 216 1007 278 [un.

246 364 306 424 Sed
326 366 362 423 ed
382 385 442 425 non
462 367 569 444 pariter
589 386 692 426 omnes
713 387 848 446 egemus:
876 385 946 426 nam
969 368 1008 426 nd
1080 384 1081 395 ¹

206 463 347 539 cujusque
361 464 449 522 vitam
470 465 630 523 institutam
653 465 934 523 accommodandum
949 474 1006 537 est,

207 579 225 618 a
247 560 383 618 multisne
410 580 483 638 opus
507 562 554 634 sit,
581 583 619 620 an
642 563 713 620 satis
737 582 754 620 a
777 563 889 639 paucis,
911 561 1006 639 diligi.
1080 548 1081 553 ἵ

206 657 326 715 Certum
361 657 449 736 igitur
484 660 540 717 hoo
575 659 622 731 sit,
651 660 739 735 idque
766 668 795 716 et
822 659 948 735 primum
975 668 1007 716 et

177 754 331 812 omanime
352 756 559 828 necessarium,
575 755 785 813 familiaritates
806 755 913 813 habere
932 755 1008 812 fidas

207 851 366 910 amantium
386 870 440 909 nos
462 852 632 924 amicorum,
653 862 682 909 et
703 863 802 910 nostra
817 851 1006 910 mirantium:

207 948 270 1006 haec
290 949 368 1006 enirn
389 960 434 1007 est
454 969 513 1007 una
531 969 579 1007 res
598 969 725 1027 prorsus,
747 961 859 1033 utnon
881 949 1007 1007 multum

207 1045 321 1103 differet
335 1046 410 1103 inter
431 1065 559 1104 summos
573 1057 603 1103 et
616 1047 779 1104 mediocres
795 1047 889 1116 viros;
910 1065 1005 1121 eaque

207 1142 336 1217 utrisque
347 1149 391 1199 est
403 1143 612 1219 propemodum
625 1143 828 1219 comparanda.
871 1143 1005 1213 Honore,

163 1239 195 1288 10
208 1248 237 1295 et
257 1238 361 1316 gloria,
383 1249 413 1296 et
433 1236 635 1301 benevolentia
656 1240 774 1311 civium,
796 1240 918 1297 fortasse
945 1258 1006 1297 non

208 1353 290 1410 mque
310 1350 413 1393 omnes
432 1345 536 1414 egent:
559 1337 610 1393 sed
632 1346 739 1409 tamen,
753 1337 777 1394 si
793 1337 841 1394 cui
862 1337 925 1395 haec
940 1356 1009 1413 sup-

207 1441 318 1508 petunt,
348 1433 484 1509 adjuvant
516 1433 706 1509 aliquantum,
734 1444 794 1491 turn
824 1433 859 1491 ad
888 1421 1022 1506 caetera,

208 1538 270 1588 tum
286 1530 321 1588 ad
336 1531 479 1590 amicitias
493 1532 711 1608 comparandae.

248 1722 303 1782 IX.
326 1725 385 1782 Sed
399 1725 437 1782 de
452 1725 581 1783 amicitiai
603 1725 659 1783 alio
672 1724 872 1805 librodictum
887 1738 941 1798 est,
957 1727 1008 1802 qui

165 1822 196 1872 15
210 1820 376 1879 inscribitur
388 1827 406 1854 “
415 1818 550 1879 Laelius.”
593 1821 684 1880 Nunc
698 1823 881 1880 dicamns‘de
895 1824 990 1901 gloria
999 1820 1017 1894 ;Ι

209 1935 383 1993 quanquam,
407 1918 443 1975 ea
467 1937 582 1994 quoque
609 1920 646 1978 de
671 1939 714 1993 re,
739 1920 798 1978 duo
822 1932 890 1979 sunt
913 1923 1010 1980 nostri

209 2013 293 2071 libri:
328 2014 379 2072 sed
414 2015 599 2092 attingamus,
633 2017 868 2094 quandoquidem
884 2030 886 2035 ’
901 2037 947 2091 ea,
977 2019 1009 2076 in

209 2111 296 2169 rebus
323 2111 478 2188 majoribus
506 2113 752 2187 administrandis,
779 2115 893 2193 adjuvat
919 2117 1011 2192 pluri-

210 2228 298 2268 mum.

166 2316 199 2367 20
251 2307 372 2365 Summa
399 2307 488 2385 igitur
511 2319 540 2366 et
563 2310 694 2385 perlecta
721 2310 813 2387 gloria
834 2322 949 2370 constat
974 2333 1012 2370 ex

211 2404 302 2461 tribus
323 2405 385 2463 his:
407 2405 431 2462 si
453 2404 548 2482 diligit
569 2406 740 2477 multitudo;
762 2408 786 2464 si
802 2408 887 2466 fidem
902 2410 1010 2480 habet3

211 2498 245 2572 si,
262 2520 330 2563 cum
351 2502 541 2559 admiratione
562 2503 697 2577 quddam,
712 2505 824 2563 honore
838 2525 890 2564 nos
905 2507 1012 2584 dignos

210 2606 302 2673 putat.
344 2596 419 2656 Haec
440 2610 545 2670 autem,
562 2598 602 2676 (si
615 2610 659 2658 est
680 2601 851 2677 simpliciter
872 2604 1012 2663 breviter·

212 2712 268 2769 que
287 2694 586 2776 dicendum)„quibus
606 2698 693 2755 rebus
713 2709 851 2774 parantur
873 2720 890 2758 a
911 2701 1011 2778 singu·

125 2862 134 2877 ἱ
167 2791 257 2864 actis,
279 2791 389 2852 eisdem
410 2792 470 2850 fere
492 2813 508 2850 a
528 2793 723 2854 multitudine.
777 2797 835 2854 Sed
863 2807 907 2855 est
936 2783 1010 2856 alius

212 2908 326 2966 quoque
353 2888 470 2973 quidam
498 2890 656 2951 aditus‘ad
677 2894 903 2967 multitudinem,
926 2907 958 2954 ut
979 2897 1009 2953 in

213 2985 410 3046 universorum
432 2986 544 3045 animos
565 2998 703 3067 tanquam
719 2991 840 3050 influere
853 2991 1009 3069 possimus.
