2200 3492
99 226 185 287 nrt]
221 202 224 205 ’
392 229 437 277 nn
457 228 604 277 omens.
884 214 942 274 137

97 377 249 453 publicam
269 378 408 452 continet,
429 399 516 455 quam
536 379 624 450 fides;
650 397 713 455 quaa
733 397 795 436 esse
815 375 896 436 nulla

97 484 207 551 potest,
223 475 279 533 nisi
293 476 349 534 erit
366 476 532 534 necessaria
544 476 650 535 solutio
662 495 759 533 rerum
774 475 896 534 credita·

99 587 173 629 rum.
216 571 375 649 Nunquam
395 573 594 633 vehementius
616 585 713 632 actum
734 583 787 646 est,
809 591 894 648 quam

97 687 148 726 me
175 668 306 742 consule,
327 689 364 726 ue
390 669 557 729 solveretur.
611 670 710 728 Armis
736 679 765 728 et
792 670 895 728 castris

97 775 212 823 tentata
238 785 284 823 res
310 776 354 824 est
381 767 417 824 ab
444 766 523 824 omni
550 785 658 843 genere
689 765 837 826 bominum
864 768 924 829 et5

97 861 220 932 ordine3
243 861 347 937 quibus
360 863 404 920 sic
417 863 518 935 restiti,
534 873 566 921 ut
580 863 637 920 hoc
656 873 768 921 tantum
787 864 894 921 malum

97 957 137 1014 de
161 958 313 1034 republicri
336 959 493 1018 tolleretur.
544 958 703 1034 Nunquam
724 979 780 1017 nec
801 959 894 1036 majus

98 1074 139 1112 ars
161 1055 288 1113 alienum
309 1056 373 1128 suit,
392 1075 449 1114 nec
469 1055 573 1114 melius
592 1075 648 1114 nec
669 1056 784 1114 facilius
804 1057 894 1114 disso-

96 1152 194 1210 lutum
208 1162 261 1210 est.
301 1151 468 1211 Fraudandi
489 1153 567 1211 enim
581 1172 632 1230 spe
646 1153 768 1226 sublati,
782 1153 893 1211 solven-

98 1249 130 1307 di
150 1249 311 1308 necessitas
331 1259 490 1308 consecuta
509 1259 561 1308 est
603 1251 645 1308 At
657 1269 726 1308 vero
740 1250 798 1323 bic¹
813 1269 892 1308 nunc
908 1253 939 1302 1⁰

98 1346 203 1418 victor,
225 1355 287 1403 tum
314 1344 430 1420 quidem
456 1346 561 1418 victus,
589 1365 652 1422 quae
679 1346 829 1423 cogitirat,
857 1365 893 1404 ea

96 1440 233 1518 perfecit,
249 1461 316 1500 cum
337 1442 399 1520 ejus
416 1442 476 1519 jam
497 1442 570 1500 nihil
593 1441 752 1499 interesset.
794 1440 893 1499 Tanta

98 1539 131 1597 iu
152 1539 356 1614 eopeccandi
378 1538 469 1596 libido
492 1539 557 1612 fuit,
579 1549 612 1598 ut
632 1538 689 1596 hoc
711 1538 804 1615 ipsum
825 1557 893 1596 eum

97 1635 270 1708 delectaret,
283 1654 416 1713 peccare,
431 1636 518 1694 etiarn
532 1635 558 1693 si
572 1651 661 1693 causa
673 1654 732 1693 non
746 1645 829 1694 esset.

138 1732 189 1789 Ab
200 1732 258 1789 boc
272 1731 360 1808 igitur
373 1751 480 1809 genere
493 1730 666 1809 largitionis,
679 1741 710 1791 ut
721 1732 784 1789 aliis
798 1732 892 1803 detur,
908 1730 939 1782 15

99 1826 165 1887 aliis
181 1828 336 1900 auferatur,
351 1829 472 1886 aberunt
488 1828 519 1903 ii,
534 1827 584 1905 qui
603 1828 811 1906 rempublicam
831 1837 894 1886 tue·

98 1926 226 1987 buntur:
247 1926 277 1983 in
290 1922 446 2002 primisque
460 1937 575 2002 operam
594 1925 714 1997 dabunt,
729 1935 761 1983 ut
777 1925 850 2003 juris
864 1936 894 1984 et

98 2022 274 2100 judiciorum
301 2022 435 2098 aequitate
461 2041 546 2080 suum
570 2023 690 2099 quisque
716 2032 830 2094 teneat3
864 2032 894 2081 et

98 2138 195 2195 neque
222 2119 367 2178 tenuiores
397 2128 512 2199 propter
546 2116 737 2177 bumilitatem
771 2119 895 2177 circum·

99 2214 263 2287 veniuntur,
275 2234 368 2290 neque
381 2214 585 2291 locupletibus,
598 2214 633 2273 ad
647 2232 699 2272 sua
709 2214 753 2272 vel
769 2212 894 2272 tenenda
907 2214 939 2266 20

100 2311 143 2369 rel
159 2311 368 2386 recuperanda,
382 2311 459 2368 obsit
472 2310 597 2371 invidia:
618 2321 765 2387 praeterea,
779 2309 894 2384 quibus·

99 2426 227 2483 cumque
246 2407 333 2465 rebus
347 2408 391 2465 vel
412 2406 480 2467 belli
494 2408 538 2464 rel
557 2407 635 2465 domi
655 2415 799 2482 poterunt,
820 2425 894 2462 rem·

98 2504 248 2580 publicam
276 2513 402 2581 augeant
429 2503 560 2580 imperio,
586 2496 672 2581 agris,
694 2504 892 2582 vectigalibus.

100 2600 176 2659 Haec
196 2619 367 2677 magnorum
388 2600 538 2658 hominum
559 2611 647 2671 sunt3-
663 2601 726 2658 haec
746 2600 821 2677 apud
835 2621 895 2660 ma·

96 2698 177 2774 jores
197 2707 312 2754 nostros
334 2696 480 2768 factitata3
508 2696 571 2754 hoec
598 2716 706 2774 genera
731 2697 893 2755 officiorum
907 2707 939 2756 25

99 2793 149 2869 qui
169 2803 391 2870 persequuntur,
412 2812 479 2852 cum
500 2794 612 2851 summi
634 2793 757 2853 utilitate
781 2794 894 2870 reipub-

99 2890 165 2948 licae
192 2908 328 2966 magnam
352 2889 410 2966 ¹ipsi
439 2889 634 2965 adipiscentur
662 2900 691 2948 et
717 2891 839 2968 gratiam
865 2899 894 2945 et

99 2985 232 3064 gloriam.

13 3066 15 3069 ’
342 3081 406 3140 12*
