2200 3492
147 235 183 295 18
489 247 532 292 DE
554 246 700 293 ouulctls.
915 244 954 303 [L.
963 243 983 295 Ι.

191 403 288 453 utatur
301 412 354 471 pro
376 395 590 468 communibus,
603 395 722 473 privatis
744 406 776 453 ut
797 395 864 454 suis.
907 395 983 453 Sunt

163 548 171 559 ,
193 500 287 548 autem
301 491 412 571 privato
425 493 505 550 nulla
520 493 640 564 natur&
662 494 712 551 sed
728 503 776 551 sut
791 492 880 550 veteri
894 512 982 550 oocu-

191 585 319 663 patione,
335 588 427 663 utqui
442 589 586 665 quondam
601 589 631 646 in
646 609 738 649 vacus
752 589 910 660 v‘enerunt3
933 600 982 646 aut

192 684 322 759 victorii,
337 694 369 743 ut
389 685 438 760 qui
461 686 537 744 bello
557 687 642 762 potiti
656 698 741 758 sunt;
764 697 813 745 aut
826 687 900 763 lege,
914 705 983 765 pso

159 798 176 847 5
191 780 280 853 tione,
288 780 465 855 conditione,
472 793 565 841 sorte:
579 784 728 860 exquofit,
737 795 768 842 ut
778 803 845 862 eger
854 784 982 859 Arpinas

192 877 366 953 Arpinstum
386 878 510 952 dicatur,
524 879 711 939 Tusculanus
725 880 961 939 Tusculanorum
973 902 981 950 ;

127 969 130 973 ’
192 974 350 1052 similisque
366 986 410 1034 est
427 964 602 1053 privatarum
621 977 835 1054 possessionum
855 978 982 1054 desc-rip·

100 1087 104 1095 ¹
192 1071 248 1129 tio:
270 1090 307 1128 ex
320 1092 387 1149 quo,
396 1073 466 1150 quin
475 1092 560 1132 suum
572 1066 711 1152 cujusque
722 1074 772 1146 fit;
793 1092 980 1152 eorumquae

191 1168 296 1229 natum
310 1171 423 1229 fuerant
436 1171 610 1243 eommunia,
620 1172 698 1247 quod
712 1173 817 1249 cuique
826 1173 939 1250 obtigit,
951 1172 981 1229 id

146 1281 177 1331 ιο
191 1266 311 1342 quisque
325 1278 441 1327 teneat:
462 1288 480 1325 e
499 1287 556 1344 quo
578 1269 602 1326 si
620 1269 685 1346 quis
705 1269 761 1327 sibi
782 1279 906 1348 appetet,
922 1270 976 1327 vio

191 1363 261 1421 labit
272 1364 318 1441 jus
332 1365 464 1424 humente
478 1365 635 1424 societatis.

231 1462 301 1536 Sed,
315 1462 451 1539 quoniam
466 1461 511 1541 (ut
524 1462 663 1539 praeclare
676 1465 813 1542 seriptum
827 1475 871 1521 est
885 1483 902 1521 a
917 1463 982 1522 Plo·

190 1560 274 1641 tone)
289 1580 347 1618 non
360 1561 444 1618 nobis
458 1561 526 1618 solis
539 1562 600 1619 nati
614 1581 723 1630 sumus,
737 1561 873 1638 ortusque
891 1561 981 1619 nostri

190 1666 301 1732 partem
323 1656 417 1734 patrio
430 1657 568 1728 vindicat,
584 1668 695 1734 purtem
711 1658 816 1729 amici3
838 1668 933 1733 utque,
948 1668 982 1716 ut

145 1754 176 1803 15
190 1753 287 1828 pluoet
298 1753 415 1825 Stoicis,
427 1773 490 1829 qum
506 1755 534 1811 in
556 1755 640 1812 terris
659 1755 828 1832 gignuntur,
845 1756 880 1813 ud
896 1775 982 1814 usum

191 1848 339 1907 hominum
353 1849 451 1907 omnia
465 1851 567 1922 creari,
579 1851 709 1909 homines
721 1862 817 1910 autem
830 1852 980 1911 hominum

192 1945 281 2003 cuusd
301 1964 365 2003 esse
388 1944 554 2024 generatos,
570 1957 601 2005 ut
622 1948 676 2024 ipsi
697 1948 771 2006 inter
792 1968 833 2018 se,
850 1950 912 2007 aliis
933 1950 982 2008 elii

190 2042 327 2118 prodesse
347 2053 480 2119 posseut3
503 2043 533 2101 in
556 2044 613 2103 hoo
631 2056 763 2103 naturam
777 2047 917 2105 debemus
930 2047 982 2104 du-

192 2157 257 2197 cem
271 2140 361 2216 sequi,
376 2159 545 2199 communes
560 2142 700 2200 utilitates
714 2143 744 2200 in
759 2143 885 2200 medium
901 2144 982 2201 affer-

143 2239 176 2288 2⁰
192 2254 233 2309 re,
248 2236 405 2294 mutatione
418 2238 589 2310 officiorum,
603 2236 707 2312 dando,
724 2240 905 2316 accipiendo,
919 2251 982 2300 tum

192 2332 311 2404 artibus,
335 2341 396 2390 tum
417 2334 516 2410 operi,
530 2344 592 2392 tum
612 2336 808 2405 facultatibus,
833 2337 983 2396 devincire

191 2428 341 2486 hominum
356 2428 430 2487 inter
445 2431 577 2489 homines
591 2433 768 2491 societatem.

230 2525 464 2587 Fundamentum
478 2537 523 2585 est
537 2538 633 2586 autem
643 2529 761 2606 justitie
775 2530 862 2602 fides;
884 2532 912 2589 id
928 2543 982 2605 est,

192 2619 336 2680 dictorum
357 2634 620 2701 conventorumque
642 2627 805 2685 constantia
825 2639 854 2685 et
868 2629 981 2687 veritus.

126 2745 129 2759 ι
143 2720 176 2771 25
192 2716 238 2775 Ex
252 2737 317 2794 quo,
331 2738 494 2796 quanquam
505 2720 561 2779 hoo
572 2721 715 2782 videbitur
727 2723 845 2783 fortasse
856 2725 982 2802 cuipiam

192 2813 302 2887 durius,
311 2825 407 2873 tumen
417 2817 574 2876 audeamus
582 2818 688 2878 imitari
699 2821 827 2894 Stoicos,
835 2823 884 2898 qui
895 2824 985 2882 studi·

192 2929 243 2969 oss
256 2912 418 2989 exquirunt,
433 2915 511 2972 unde
525 2916 613 2973 verba
625 2916 683 2977 sint
706 2918 805 2991 ducta,
820 2921 984 2978 credamus·

193 3028 259 3084 que,
273 3010 417 3089 quieſset,
427 3012 503 3088 quod
517 3011 629 3072 dietum
642 3027 696 3088 est,
708 3015 982 3096 uppellatamfldem.
