2200 3492
86 201 116 248 a.
127 201 175 261 n]
387 201 431 249 nn
445 201 600 248 oramus.
856 194 858 199 ’
882 189 940 248 105

87 352 176 410 bellis
203 351 430 429 triumphdrunt.
482 349 579 409 Multa
601 359 742 427 praterea
765 366 892 408 comme·

88 469 238 508 morarem
253 450 367 508 nefaria
386 450 417 508 in
439 448 546 521 socios,
562 449 587 506 si
608 449 665 506 hoc
679 467 738 506 uno
752 447 795 506 sol
809 446 892 523 quid·

89 567 178 623 quam
192 547 314 606 vidisset
331 546 488 624 indignius.
530 545 549 603 J
551 565 603 604 ure
617 546 704 623 igitur
717 545 889 622 plectimur:

18 646 25 665 ⁹
88 646 144 704 nisi
160 645 242 705 enim
256 644 414 703 multorum
428 642 572 720 impunita
584 642 696 701 scelera
713 643 889 715 tulissemus,

89 762 241 819 nunquam
265 742 301 801 ad
323 761 414 801 unum
428 752 510 805 tanta
522 740 701 818 pervenisset
714 740 850 812 licentia3
874 746 920 799 a5

90 860 148 917 quo
159 840 279 916 quidem
294 840 336 898 rei
350 839 501 898 familiaris
516 838 553 897 ad
565 859 684 915 paucos,
697 838 889 915 cupiditatum

92 938 126 996 ad
140 938 250 996 multos
265 938 422 1014 improbos,
437 937 517 994 venit
530 937 691 995 haereditas.

128 1036 199 1094 Nec
213 1055 282 1094 vero
296 1054 424 1111 unquam
440 1034 582 1092 bellorum
604 1034 733 1092 civilium
747 1053 845 1093 semea
860 1045 889 1092 et

91 1154 180 1193 causa
194 1134 298 1207 deerit,
313 1133 382 1192 dum
404 1133 539 1191 homines
559 1133 665 1209 perditi
678 1133 791 1191 hastam
810 1132 888 1191 illam

92 1241 243 1290 cruentam
271 1241 300 1290 et
327 1230 521 1303 meminerint,
545 1240 575 1287 et
598 1231 771 1307 sperabunt3
802 1250 888 1306 quam
904 1235 934 1284 1⁰

91 1329 122 1388 P.
138 1329 304 1387 Sullanum
319 1329 470 1400 vibrasset,
485 1328 626 1386 dictatore
639 1328 804 1405 propinquo
817 1348 887 1399 suo;

92 1426 179 1499 idem,
191 1437 274 1484 sexto
288 1438 318 1484 et
331 1425 479 1484 tricesimo
495 1445 572 1483 anno
585 1436 660 1505 post,
672 1445 689 1483 a
703 1425 888 1483 sceleratiore

93 1525 173 1583 hasti
200 1542 261 1582 non
289 1524 418 1582 recessit.
475 1522 558 1581 Alter
587 1532 693 1594 autem,
714 1522 764 1599 qui
786 1522 816 1580 in
839 1522 888 1580 illd

16 1692 17 1699 ἵ
93 1622 237 1681 dictaturd
252 1620 349 1699 scriba
362 1621 465 1693 fuerat,
479 1620 510 1678 in
526 1620 582 1677 hac
596 1619 651 1677 fuit
664 1629 787 1697 quaestor
805 1621 889 1677 urba-

92 1739 154 1778 nus.
207 1719 255 1778 Ex
277 1737 335 1795 quo
359 1718 445 1777 debet
473 1716 608 1794 intelligi,
630 1717 736 1775 talibus
762 1717 889 1794 premiis
904 1727 934 1776 15

92 1818 256 1894 propositis,
271 1835 418 1892 nunquam
440 1816 576 1874 defutura
596 1815 672 1874 bella
685 1815 790 1874 civilia.
832 1814 889 1874 Ita·

92 1935 147 1991 que
167 1915 295 1992 parietes
318 1914 397 1971 urbis
421 1912 509 1973 modo
522 1922 600 1971 stant
613 1923 643 1971 et
660 1923 787 1986 manent,
810 1913 888 1989 iique

16 2074 17 2083 ,
92 2013 146 2091 ipsi
165 2015 227 2090 jam
249 2021 379 2071 extrema
399 2010 512 2070 scelera
533 2020 712 2069 metuentes:
742 2030 802 2071 rem
821 2022 889 2070 vero
957 2020 959 2031 '

16 2094 18 2173 J
90 2111 239 2187 publicam
259 2109 375 2187 penitus
399 2108 557 2180 amisimus,
581 2119 665 2184 atque
679 2108 709 2166 in
724 2110 776 2166 has
790 2108 888 2167 clades

16 2192 17 2221 ³
91 2209 260 2279 incidimus,
284 2206 479 2285 (redeundum
493 2215 537 2263 est
550 2206 628 2263 enim
644 2206 679 2264 ad
693 2205 886 2286 propositum)
902 2222 934 2272 20

16 2322 18 2365 t
91 2306 158 2363 dum
183 2305 286 2376 metui,
309 2323 395 2379 quam
417 2302 478 2362 cari
496 2321 560 2360 esse
574 2311 604 2359 et
618 2302 710 2379 diligi,
725 2301 886 2360 maluimus.

90 2403 167 2466 Quae
190 2402 216 2460 si
237 2400 344 2478 populo
366 2400 503 2458 Romano
524 2399 630 2476 injusta
645 2398 798 2474 imperanti
813 2400 877 2456 acci

16 2576 17 2581 η
91 2500 159 2558 dere
193 2509 363 2575 potuerunt,
391 2497 459 2573 quid
487 2497 595 2569 debent
625 2506 727 2572 putare
761 2496 887 2574 singulil

90 2598 183 2660 Quod
212 2615 282 2655 cum
308 2595 494 2672 perspicuum
521 2594 569 2666 sit,
594 2593 802 2651 benevolentia
831 2595 887 2652 vim

92 2714 154 2753 esse
178 2712 328 2772 magnam,
353 2692 448 2751 metris
472 2690 664 2761 imbecillam3
696 2692 834 2766 sequitur,
857 2703 889 2751 ut
903 2697 935 2747 25

93 2788 280 2863 disseramus,
315 2790 420 2866 quibus
453 2790 540 2846 rebus
573 2788 718 2865 possimus
751 2788 889 2849 facillime

94 2907 167 2961 eam,
192 2907 281 2964 quam
306 2889 447 2959 volumus,
471 2886 603 2964 adipisci,
628 2906 695 2944 cum
722 2887 833 2944 honore
860 2896 890 2944 et
977 2868 983 2875 ¹

95 2984 159 3059 fide,
174 2985 337 3046 caritatem.
