2200 3492
92 225 122 271 ι.
133 225 166 284 ι]
387 223 431 271 un
451 222 599 270 comens.
893 213 934 271 65

131 370 268 430 XXXII.
302 370 351 429 Ao
367 371 479 431 duabus
498 370 535 429 iis
554 369 695 447 personis,
709 389 780 447 quas
799 389 887 448 supra

92 469 164 540 dixi,
184 469 271 527 tertia
292 467 468 546 adjungitur,
493 487 580 544 quam
603 487 688 526 casas
709 467 811 544 aliquis
835 478 886 527 aut

93 576 210 641 tempus
229 565 378 641 imponiti
400 564 618 640 quartinonum,
638 584 723 641 quam
743 565 886 624 nobismet

93 662 275 738 ipsiiudicio
287 671 388 720 nostao
403 661 662 723 accommodamus.
695 661 726 719 N
729 681 774 720 am
784 681 885 740 regna,

93 758 227 834 imperia,
248 759 422 832 nobilitates,
444 761 578 831 honoaes,
602 759 719 831 divitiae,
739 778 818 836 opes,
839 766 918 819 eas-5

85 874 150 931 oue
165 875 229 930 qun
248 867 314 925 sunt
334 856 382 914 his
402 856 557 928 contrado,
578 855 610 914 in
634 875 703 915 casu
727 856 792 928 sita,
816 867 887 914 tem·

92 952 439 1030 poribusguhemantur.
481 952 540 1029 Ipsi
566 964 659 1011 antem
680 972 780 1030 gerere
800 971 887 1029 quam

93 1066 248 1124 pomonam
268 1049 397 1120 velimus,
412 1069 429 1107 a
447 1049 546 1108 nostrh
563 1049 709 1109 voluntate
727 1048 887 1125 proficisci·

94 1155 149 1204 tur.
191 1144 294 1220 Itaque
314 1164 346 1204 se
368 1146 417 1204 alii
439 1147 474 1205 ad
493 1146 714 1223 philosophiam,
729 1146 777 1204 alii
793 1146 887 1222 adjus

12 1230 14 1307 l
95 1241 192 1314 civile,
203 1241 252 1300 alii
261 1242 297 1300 ad
305 1243 510 1318 eloquentiam,
521 1243 683 1320 applicant:
704 1244 887 1320 ipsarumque
903 1251 934 1299 to

12 1342 13 1349 ’
95 1338 234 1399 virtutum
248 1339 279 1396 in
294 1339 351 1397 nia
366 1339 439 1398 alios
450 1340 560 1398 mavult
573 1340 723 1400 excellere.

133 1434 272 1496 Quorum
286 1454 354 1495 vero
372 1445 469 1511 patres
483 1447 533 1494 aut
546 1436 670 1512 majoros
684 1436 780 1512 aliqud
793 1436 886 1513 gloria

93 1531 300 1607 prestiterunt,
315 1532 336 1593 ii
356 1533 472 1593 student
491 1533 660 1609 plerumque
678 1533 781 1591 eodem
795 1533 825 1590 in
839 1552 888 1609 ge·

94 1628 274 1693 netellaudis
289 1628 449 1701 exodlere;
471 1638 502 1688 ut
515 1629 558 1691 Q.
572 1628 701 1702 Mucius,
712 1628 745 1687 P.
755 1629 841 1704 filius,
855 1628 887 1686 in

92 1725 158 1802 jure
178 1725 274 1795 civili;
295 1724 379 1784 Pauli
400 1726 476 1803 lilius
495 1725 656 1785 Africanus
671 1725 746 1784 inre
760 1725 886 1784 militari.
904 1734 934 1784 15

94 1822 227 1885 Quidam
249 1833 355 1894 cutem,
378 1823 414 1881 ad
437 1843 488 1882 eas
502 1823 610 1891 laudes
630 1842 701 1901 quas
723 1822 887 1902 epatrihus

96 1931 282 1999 acceperunt,
297 1920 408 1977 addunt
430 1920 555 1996 aliquam
576 1940 675 1979 suam:
694 1930 728 1979 ut
746 1920 795 1979 hio
809 1920 886 1978 idem
927 1940 932 1949 ·

94 2015 254 2075 Africanus
262 2015 428 2091 eloquentia
436 2016 596 2077 cumulavit
605 2016 738 2078 bellicam
747 2016 886 2093 gloriam:

96 2113 174 2187 quod
189 2112 274 2173 idem
293 2112 365 2189 fecit
383 2111 568 2185 Timotheus,
583 2114 712 2173 Cononis
727 2113 812 2185 tilius,
827 2113 887 2188 qui,

93 2226 164 2277 ,cum
185 2209 254 2267 belli
273 2206 361 2267 laude
376 2229 436 2268 non
450 2209 569 2268 inferior
583 2210 683 2270 fuisset
695 2228 781 2287 quam
793 2220 885 2286 pater,
901 2225 934 2275 20

97 2305 132 2363 ad
147 2323 211 2362 eam
224 2304 351 2376 leudem,
365 2305 503 2364 doctrinm
518 2316 547 2363 et
566 2305 677 2383 ingenii
698 2306 819 2383 gloriam
840 2305 888 2362 ad·

92 2401 173 2477 jecit.
216 2401 266 2459 Fit
282 2413 383 2459 autem
403 2401 558 2473 interdum,
572 2413 605 2460 ut
622 2400 765 2474 nonnulli,
779 2402 887 2460 omissis

12 2482 14 2567 l
96 2497 259 2556 imitatione
281 2498 429 2573 majorum,
451 2517 535 2556 suum
555 2499 699 2573 quoddam
723 2498 887 2556 nstitutum

96 2603 329 2669 cousequantur:
351 2595 530 2670 maximeque
551 2595 581 2652 in
601 2614 637 2653 so
649 2595 817 2671 plerumque
829 2595 888 2655 ela-

97 2692 198 2750 borant
212 2690 245 2762 ii,
259 2690 309 2766 qui
323 2710 428 2768 magna
438 2680 493 2749 sibi
504 2702 678 2768 proponunt,
689 2692 820 2750 obscuris
831 2693 888 2750 orti
903 2699 935 2749 25

97 2789 261 2863 majoribus¹

136 2883 211 2942 Haeo
226 2884 314 2960 igitur
325 2884 431 2955 omnia,
442 2904 507 2943 cum
519 2886 684 2961 quaerimus,
695 2885 763 2961 quid
776 2886 888 2959 deceat,

98 2981 252 3058 complecti
278 2981 376 3039 animo
404 2993 433 3050 et
461 2983 637 3060 cogitatione
664 2983 812 3040 debemus.
852 2979 888 3038 In

335 3079 355 3136 6
363 3077 381 3112 ἢ
