2200 3492
84 174 186 233 um]
382 175 426 221 uu
448 175 595 222 cuncus.
873 162 928 222 191

83 321 170 385 Quis
190 322 253 380 haec
273 332 360 400 neget
380 343 443 381 esse
457 324 562 382 utilia?
579 322 649 399 quid
661 322 785 382 ceusesi
805 339 884 399 ma&

85 418 195 476 uitudo
209 420 298 477 animi
312 432 341 477 et
354 420 491 477 fortitudo
504 430 600 498 negat.

127 611 261 670 XXVII.
283 613 362 670 Num
383 611 587 690 locupletiores
606 613 711 689 queris
729 616 882 674 auctores?
915 659 921 670 ,

87 708 205 766 Harum
220 709 296 767 enirn
310 721 354 767 est
367 710 503 767 virtutum
525 710 679 786 proprium,
694 711 734 768 nii
751 712 883 772 extimes·

86 824 169 877 cere,
197 807 296 864 omnia
328 807 454 865 humana
487 807 636 883 despicere
644 827 651 878 ;
669 879 672 888 Ι
687 808 770 880 nihil,
804 809 912 884 quodb

86 902 203 960 homini
238 903 371 961 accidere
404 904 504 980 possit,
532 904 743 966 intolerandum
770 916 879 981 putare.

87 997 192 1075 Itaque
213 999 280 1080 quid
302 1000 391 1058 fecit?
431 999 466 1060 In
485 1013 615 1057 senatum
629 1001 725 1058 venit:
746 1001 895 1060 mandata

86 1095 238 1172 exposuit:
255 1123 259 1126 ·
279 1093 451 1154 sententiam
488 1117 526 1155 ne
563 1097 682 1168 diceret,
720 1099 879 1158 recusavit:

87 1193 227 1268 quamdiu
258 1192 444 1270 jurejurando
477 1194 603 1251 hostium
637 1205 793 1267 teneretur,
820 1214 879 1254 nou
989 1264 992 1268 ⁷

87 1307 154 1346 esse
174 1308 206 1346 se
225 1299 395 1347 senatorem.
438 1291 535 1366 Atque
557 1291 627 1348 illud
648 1291 734 1349 etiam
760 1291 792 1368 (ο
812 1292 926 1352 stul-10

87 1375 151 1443 tum
166 1385 322 1457 hominem,
338 1387 441 1443 dixerit
461 1387 612 1463 quispiam,
627 1397 654 1444 et
672 1397 879 1465 repugnantem

88 1482 206 1540 utilitati
227 1475 318 1562 suaei)
333 1484 414 1546 reddi
433 1483 570 1558 captivos,
585 1484 700 1560 negavit
714 1503 779 1541 esse
791 1481 877 1541 utile!

88 1578 156 1636 illos
174 1579 252 1636 enirn
274 1579 471 1637 adolescentes
490 1599 564 1651 esse,
578 1592 608 1637 et
625 1581 714 1637 bonos
734 1580 833 1652 duces,
847 1599 880 1639 so

85 1676 146 1751 jam
167 1675 331 1732 consectum
352 1685 510 1734 senectute.
551 1676 644 1752 Cujus
663 1695 730 1733 cum
744 1677 881 1738 valuisset

89 1755 255 1843 auotoritas,
277 1772 381 1849 captivi
404 1773 508 1830 retenti
530 1784 613 1830 sunt:
641 1773 702 1849 ipae
729 1773 880 1852 Cartbagi-
893 1783 924 1834 lb

87 1886 155 1928 nem
175 1869 261 1926 rediit
268 1890 275 1940 ;
305 1887 399 1944 neque
418 1880 486 1927 eum
506 1871 610 1928 caritas
630 1871 729 1947 patrie
749 1872 877 1945 retinuit,

87 1982 145 2022 uec
165 1975 290 2023 suorum.
332 1966 438 2041 Neque
452 1986 519 2024 vero
537 1976 598 2024 tum
620 1968 780 2044 ignorabat,
795 1988 827 2026 se
842 1970 877 2027 ad

88 2062 318 2119 crudelissimum
339 2063 462 2135 bostem,
477 2073 506 2120 et
521 2064 555 2120 ad
570 2064 712 2139 exquisita
725 2064 876 2140 supplicia,

87 2159 248 2235 proficisci:
271 2160 321 2216 sed
340 2160 539 2235 jusjurandum
555 2160 783 2221 conservandum
797 2171 879 2236 puta·

89 2256 145 2313 bat
186 2254 288 2331 Itaque
301 2267 374 2327 tum,
390 2275 455 2314 cum
469 2256 616 2332 vigilando
635 2257 801 2327 necabatur,
816 2266 879 2314 erat
890 2264 923 2317 a

89 2351 119 2409 in
140 2341 258 2410 madore
278 2353 377 2424 causd',
392 2365 477 2428 quam
492 2353 516 2409 si
531 2353 606 2411 domi
627 2371 716 2409 senex
737 2352 877 2427 captivus,

87 2447 218 2525 perjurus
238 2448 408 2521 consularis,
424 2449 614 2507 remansisset.
656 2449 697 2506 At
717 2448 812 2519 stulte,
828 2449 879 2524 qui

88 2564 145 2603 uon
169 2545 255 2603 modo
277 2565 334 2603 nou
360 2545 506 2603 censuerit
529 2545 658 2622 captivos
679 2545 877 2619 remittendos,

89 2659 185 2700 rerum
219 2642 306 2700 etiarn
340 2643 516 2701 dissuaserit
578 2641 737 2704 Quomodo
770 2642 877 2701 stultei

89 2738 223 2811 mantue,
260 2741 284 2796 si
322 2739 489 2815 reipublice
526 2739 727 2799 conducebat?
752 2743 754 2750 ‘
778 2739 922 2806 Potestas

91 2848 192 2909 tutem,
214 2837 291 2912 quod
313 2836 413 2894 inutile
435 2837 601 2913 reipublicae
622 2837 669 2910 ait,
690 2836 720 2894 id
740 2825 876 2911 cuiquam

90 2933 144 2993 ciri
158 2933 228 2993 utile
241 2934 324 2991 esset
