2200 3492
89 200 175 260 nil*
391 191 435 239 nn
458 188 605 241 osricus.
893 177 933 238 33

89 337 259 417 junctioque
286 338 456 413 servabitur,
481 339 516 413 si,
540 339 718 416 utquisque
742 339 797 396 erit
820 356 888 397 con·

89 436 300 513 junctissimus,
323 435 364 494 ita
385 436 414 493 in
434 456 499 494 eum
522 436 711 514 benignitatis
730 435 887 514 plurimum

91 533 267 592 conferetur.
310 533 380 605 Sed,
392 552 455 609 quae
466 534 570 592 naturis
584 533 728 611 principia
741 533 799 592 sint
810 552 888 591 com·

91 630 243 689 munitatis
262 639 292 687 et
311 629 460 688 societatis
479 631 626 703 humane,
646 630 833 707 repetendum
849 629 888 687 nl·

91 727 148 786 tius
160 727 285 784 videtur.
327 726 382 784 Est
400 727 478 785 enim
502 727 637 805 primurn,
659 727 733 804 quod
759 727 917 793 cemitur5

91 825 119 883 in
134 823 262 882 universi
278 823 393 901 generis
406 824 526 883 humani
540 825 696 882 societate:
717 824 780 903 ejus
792 834 887 881 autern

90 921 240 980 vinculum
269 931 313 979 est
342 920 416 979 rutio
443 931 473 979 et
500 922 610 992 oratio;
642 941 716 997 quse,
743 921 887 992 docende,
960 973 963 978 .

90 1018 241 1090 discendo,
249 1018 504 1091 communicando,
512 1018 711 1095 disceptando,
719 1017 887 1095 judicando,

91 1115 231 1175 conciliat
246 1114 321 1172 inter
335 1134 367 1173 se
381 1114 522 1184 homines,
537 1115 746 1193 conjungitque
764 1113 888 1172 naturali

91 1213 216 1290 quidam
231 1210 381 1269 societate.
423 1210 528 1288 Neque
549 1212 609 1269 ulls
627 1231 659 1269 re
676 1212 934 1290 longincum-1⁰

92 1328 154 1367 mus
175 1308 315 1381 nnaturi
337 1308 472 1381 serarum,
488 1308 518 1366 in
537 1309 642 1384 quibus
664 1308 758 1367 inesse
778 1308 889 1366 fortitu·

92 1406 191 1465 dinem
216 1423 294 1482 saepc
314 1404 448 1478 dicimus,
469 1414 502 1463 ut
522 1405 552 1462 in
574 1405 665 1480 equis,
686 1407 716 1463 in
737 1405 887 1475 leonibus;

89 1503 243 1580 justitiam,
267 1502 442 1578 equitatem,
467 1501 638 1573 bonitatem,
666 1519 726 1559 non
753 1501 887 1559 dicimus.

92 1601 168 1658 Sunt
181 1599 262 1658 enim
277 1598 395 1658 rationis
409 1609 439 1657 et
453 1598 592 1656 orationis
606 1608 746 1674 expertes.

131 1697 179 1755 Ac
203 1695 345 1755 latissime
366 1696 483 1772 quidem
507 1705 610 1772 putens
630 1694 796 1753 hominibus
815 1693 888 1753 inter
905 1706 936 1756 15

93 1793 180 1870 ipsos,
196 1792 334 1850 omnibus
347 1792 422 1850 inter
436 1810 547 1864 omnes,
559 1791 684 1875 societas
699 1792 762 1850 haec
776 1803 836 1863 est;
858 1791 888 1851 iu

92 1891 148 1968 qui
163 1889 296 1948 omnium
318 1908 426 1963 rerum,
440 1908 512 1964 quas
534 1888 570 1946 ad
595 1908 779 1948 communem
801 1889 891 1949 homi·

92 2007 163 2047 num
177 2006 263 2045 usum
278 1996 382 2045 natura
395 1986 506 2064 genuit,
518 1996 563 2044 est
576 1987 717 2045 servanda
731 1986 891 2045 communi·

93 2095 155 2156 tss;
178 2093 221 2157 ut,
236 2104 300 2160 quae
314 2083 461 2159 descripta
474 2093 541 2141 sunt
554 2083 667 2160 legibus
681 2094 710 2141 et
721 2083 785 2161 jure
800 2082 890 2154 civili,

94 2180 157 2239 haec
172 2182 215 2239 itu
234 2190 399 2252 teneantur,
414 2190 446 2237 ut
467 2179 505 2237 sit
527 2180 733 2239 constitutum:
754 2180 891 2255 equibus
903 2196 937 2248 oo

95 2259 177 2354 ipsis*
190 2287 297 2335 caeteru
323 2277 367 2334 sic
391 2277 589 2347 observentur,
613 2286 644 2333 ut
668 2275 698 2335 in
721 2276 889 2334 Grecorum

95 2374 249 2450 proverbio
263 2384 317 2446 est,
332 2373 535 2431 “Amicorum
557 2392 621 2431 esse
643 2373 742 2432 omniu
764 2392 893 2430 commu·

55 2500 58 2505 ·
97 2471 173 2543 niol’
210 2469 319 2528 Omnia
332 2480 428 2530 autern
451 2469 616 2529 communia
630 2469 780 2527 bominum
795 2469 893 2528 viden·

97 2575 142 2624 tur
164 2587 210 2639 cs,
224 2586 289 2644 quae
311 2576 378 2625 sunt
399 2567 514 2645 generis
537 2567 612 2644 ejus,
627 2566 715 2643 quod,
738 2568 773 2624 ab
793 2565 892 2625 Ennio

99 2664 222 2740 positum
237 2663 267 2722 in
282 2665 341 2722 unit
356 2684 397 2737 re,
413 2664 562 2724 transferri
575 2664 606 2722 in
620 2662 726 2721 multas
738 2673 843 2739 potest.
905 2676 938 2726 25

160 2816 176 2843 “
187 2812 281 2875 Homo,
292 2812 335 2875 qui
345 2813 438 2862 erranti
449 2813 554 2862 comiter
564 2818 687 2861 monstrnt
696 2786 773 2872 mom,

186 2893 266 2950 Quasi
277 2893 364 2941 lumen
376 2893 406 2941 de
417 2909 463 2942 suo
475 2894 570 2953 lumine
582 2893 712 2954 accendat,
722 2892 798 2941 fucit.

187 2972 357 3026 Nihilominus
367 2974 415 3040 ipsi
426 2974 503 3038 lucet,
514 2989 574 3025 cum
584 2974 622 3024 illi
632 2972 800 3024 ucceudcnt„n
