2200 3492
105 229 202 291 nur]
397 229 441 277 nn
463 229 610 277 ormcus.
888 220 945 279 163

105 397 192 439 raeeo.
236 377 295 435 Sed
314 376 397 451 nihil,
412 377 490 453 quod
510 377 639 449 crudele,
653 375 741 434 utile:
763 385 808 434 est
820 376 900 434 euim

107 475 259 535 bominum
274 484 491 551 naturae,quam
512 474 594 550 sequi
614 473 762 546 debemus,
776 472 899 532 maxime

108 572 230 630 inimica
244 570 407 628 erudelitas.

149 667 231 725 Male
251 668 347 739 etiam,
368 668 417 743 qui
439 666 608 744 peregrinos
635 666 754 724 urbibus
774 666 817 724 uti
836 685 901 743 pro·

107 766 221 837 hibent,
248 781 353 840 eosque
386 764 588 836 exterminant,
615 773 648 821 ut
674 763 791 821 Pennus
825 764 931 839 apud5

99 872 206 939 >patres
232 871 356 933 nostros,
379 861 487 937 Papius
513 879 614 936 nuper.
655 859 733 917 Nam
759 879 823 917 esse
848 864 901 938 pro

108 960 184 1030 cive,
205 959 253 1035 qui
274 959 346 1015 civis
365 977 424 1023 non
446 958 492 1030 sit,
514 967 626 1015 rectum
648 967 771 1014 estnon
793 957 899 1028 licere;

108 1075 196 1132 quam
230 1056 358 1117 tulerunt
390 1055 484 1132 legem
518 1054 723 1131 sapientissimi
756 1053 900 1126 eonsules,

103 1153 233 1212 *Crassus
253 1163 283 1209 et
303 1152 449 1211 Scaevola:
477 1172 531 1213 usu
553 1171 621 1210 vero
642 1151 721 1211 urbis
746 1150 900 1227 probibere

108 1250 285 1327 peregrinos,
300 1266 369 1307 sane
390 1249 579 1311 inhumanum
593 1258 644 1307 est.
686 1249 741 1306 llla
753 1250 899 1325 praeclara,
917 1263 947 1312 10

109 1347 141 1404 in
162 1347 267 1422 quibua
285 1346 409 1423 publicae
430 1346 562 1405 utilitatis
582 1346 696 1421 species
715 1366 773 1422 prae
800 1345 902 1404 hones·

109 1453 170 1502 tate
183 1443 386 1521 contemnitur.
428 1443 519 1507 Plena
534 1444 731 1519 exemplorum
745 1452 789 1499 est
803 1451 902 1500 nostra

109 1540 283 1617 respublica,
298 1559 365 1597 cum
379 1559 465 1616 saepe,
480 1549 541 1599 turn
560 1539 685 1597 maxime
698 1538 775 1599 bello
788 1538 901 1596 Punico

108 1637 257 1695 seeundo:
292 1656 365 1712 quae,
393 1636 542 1694 Cannensi
576 1635 741 1693 calamitate
770 1635 900 1710 accepti,

109 1734 234 1810 majores
268 1733 378 1791 animos
412 1733 522 1804 habuit,
550 1734 636 1808 quain
663 1750 788 1806 unquam
816 1733 901 1791 rebus
917 1742 947 1791 15

109 1830 263 1888 secundis:
286 1830 364 1888 nulla
377 1829 488 1891 timoris
502 1828 686 1906 significatio,
700 1828 781 1887 nulla
794 1829 902 1889 mentio

108 1928 200 2005 pauis.
241 1927 341 1985 Tanta
360 1926 402 1984 vis
422 1936 466 1985 est
486 1926 611 1999 honesti,
626 1936 658 1984 ut
678 1926 805 2003 speciem
825 1927 902 1983 utili·

108 2025 178 2083 tatis
191 2024 335 2082 obscuret.

149 2121 356 2194 Athenienses,
381 2139 448 2179 eum
475 2120 628 2178 Persarum
655 2119 795 2196 impetum
821 2119 901 2178 nullo

109 2218 198 2279 modo
218 2227 336 2294 possent
356 2217 507 2288 sustinere,
527 2227 752 2293 statuerentque,
773 2226 814 2287 ut,
829 2217 900 2274 urbe
915 2222 947 2273 ΞΟ

108 2315 221 2386 relicti,
242 2313 415 2391 conjugibus
439 2323 469 2370 et
494 2314 593 2371 liberis
619 2313 767 2371 Troezene
789 2311 902 2388 deposi-

108 2412 156 2482 tis,
172 2430 260 2469 naves
280 2410 518 2481 conscenderent,
540 2410 760 2484 libertatemque
779 2408 901 2466 Graeciae

106 2508 204 2566 alasse
224 2506 421 2578 defenderent,
437 2506 582 2582 Cyrsilum
603 2504 757 2580 quendam,
780 2505 901 2562 suaden-

108 2615 169 2663 tem
183 2614 216 2660 ut
230 2603 260 2663 in
274 2604 344 2660 urbe
358 2611 517 2674 manerent,
529 2602 714 2676 Xerxemque
728 2601 900 2678 reciperent,

109 2701 255 2777 lapidibus
270 2700 436 2757 obruerunt.
478 2699 576 2775 Atque
590 2699 638 2757 ille
651 2698 804 2756 utilitatem
818 2697 900 2773 sequi
914 2710 946 2758 ab

108 2796 277 2879 videbatur:
305 2795 355 2853 sed
382 2812 417 2854 ea
443 2796 522 2854 nulla
549 2806 621 2868 erat,
646 2806 824 2873 repugnante
852 2794 901 2852 ho-

108 2879 230 2952 nestate
687 2908 688 2911 ’
960 2904 962 2907 ·

150 2988 375 3061 Themistocles,
395 2998 461 3064 post
480 2988 629 3048 victoriam
649 2987 711 3066 ejus
732 2986 801 3048 belli
821 2984 899 3061 quod
