2200 3492
100 177 195 239 unt]
389 183 433 229 na
454 183 601 230 oeneus.
876 173 937 246 23⁰1
997 239 1000 246 k

100 345 181 394 mum
195 328 303 388 malum
317 329 405 401 dicat,
421 331 496 407 apud
510 350 576 389 eum
591 350 676 407 quem
690 331 778 394 habet
790 332 890 394 locum

99 423 248 496 fortitudo,
276 446 339 501 quae
369 437 412 484 est
439 427 573 502 dolorum
604 423 791 506 lebdrumque
820 448 902 505 ‹cen-¹

98 519 241 594 temptiol
286 520 429 582 Quamvis
449 522 526 579 enim
547 523 646 596 multis
666 523 696 581 in
717 523 790 582 locis
810 524 889 583 dicut

98 614 247 691 Epicurus
280 616 370 694 (sicut
403 618 451 676 hic
485 618 570 699 dicit)
605 618 674 678 satis
708 620 819 679 fortiter
851 621 888 679 de

98 711 216 782 dolore3
239 723 333 772 tamen
355 734 413 772 nun
434 717 622 792 spectandum
643 727 696 788 est,
711 717 780 793 quid
796 718 887 790 dicat,
904 730 920 778 5

96 809 151 866 sed
172 811 240 885 qnid
260 822 486 870 consentaneum
507 812 544 869 sit
565 811 592 870 ei
613 813 720 887 dicere,
741 814 791 889 qui
811 815 889 873 bona

95 906 244 985 voluptate
264 907 468 980 terminaverit,
482 909 559 966 mala
572 909 688 967 dolore:
710 919 752 982 ut,
766 909 791 967 si
805 910 886 967 illum

97 1002 214 1061 audiam
235 1004 272 1061 de
292 1005 470 1062 continentia
489 1015 518 1062 et
535 1006 736 1082 temperantid,
750 1006 822 1064 dicit
837 1006 887 1064 ille

96 1100 215 1174 quidem
236 1100 326 1159 multa
345 1100 441 1158 multis
461 1101 550 1159 locis:
575 1103 625 1159 sed
647 1121 722 1177 aqua
741 1102 839 1175 haeret,
854 1113 886 1161 ut

96 1197 196 1255 aiunt:
217 1216 283 1254 nam
297 1196 346 1273 qui
359 1208 454 1276 potest
474 1198 691 1275 temperantiam
711 1199 857 1259 laudare
849 1214 933 1274 1s‚1u

95 1292 146 1367 qni
167 1303 254 1368 ponat
274 1313 416 1351 summum
437 1295 574 1352 bonum
566 1315 597 1352 ιιι
618 1295 783 1372 voluptatel
831 1295 934 1355 Est

95 1388 176 1446 enim
196 1390 384 1466 temperantia
406 1390 594 1450 libidinum
586 1391 721 1462 mimica3
748 1392 885 1454 libidines

96 1494 194 1542 autem
208 1488 433 1545 consectatrices
447 1486 608 1563 voluptatis.

115 1582 235 1658 'Atque
255 1582 285 1641 in
305 1583 350 1641 his
370 1593 466 1642 tamen
480 1584 572 1643 tribus
591 1584 884 1662 generibuquuoquu

94 1679 184 1738 modo
219 1688 348 1756 possunt,
384 1699 443 1737 non
480 1679 615 1758 incallide
652 1679 884 1760 tergiversantur.
900 1695 931 1745 15

94 1776 282 1834 Prudentiam
307 1775 503 1847 introducunt,
528 1773 680 1836 scientiam
703 1777 886 1854 suppeditan-

93 1885 154 1930 tem
169 1874 337 1949 voluptates‚
355 1872 543 1948 depellentem
566 1872 688 1932 dolores.
730 1873 885 1933 Fortitudi-

93 1988 162 2027 nem
183 1987 298 2045 quoque
319 1968 414 2045 aliquo
441 1969 527 2025 modo
555 1970 720 2045 expediunt,
742 1989 809 2029 cum
829 1981 885 2031 tra·

93 2065 177 2136 dunt,
199 2064 339 2123 rationem
361 2064 542 2142 negligendae
564 2066 674 2138 mortis,
695 2067 885 2143 perpetiendi·

92 2179 151 2235 que
165 2159 278 2219 doloris
318 2158 414 2218 Etiam
430 2160 647 2236 temperantiam
663 2161 813 2233 inducunt,
825 2182 882 2224 nou
897 2175 930 2226 20

94 2255 233 2314 facillime
254 2255 295 2315 illi
313 2256 439 2333 quidem,
459 2257 510 2313 sed
531 2267 628 2314 tamen
655 2250 770 2331 quoquo
796 2257 883 2315 modo

92 2361 231 2428 possunt:
253 2351 354 2408 dicunt
374 2352 461 2422 enim,
481 2352 633 2427 voluptatis
654 2351 882 2428 magnitudinem

95 2446 204 2505 doloris
224 2447 402 2505 detractione
423 2448 507 2505 liniri
555 2447 679 2505 lustitia·
693 2447 817 2519 vacillat,
838 2448 881 2505 vel

91 2544 170 2620 jacet
190 2544 294 2621 potius,
310 2555 464 2620 omnesque
485 2564 525 2602 eae
540 2545 669 2628 virtutes,
684 2563 747 2618 quae
761 2543 791 2602 in
805 2563 883 2602 cum·

94 2640 236 2699 munitate
269 2651 436 2713 cernuntur,
469 2651 498 2698 et
532 2641 562 2698 in
596 2633 735 2700 societate
768 2642 883 2719 generis
898 2653 929 2707 25

95 2734 222 2796 humani.
270 2734 375 2813 Neque
396 2737 472 2794 enim
495 2727 618 2808 bonitas,
640 2755 696 2794 nec
716 2737 882 2813 liberalitas,

96 2851 151 2892 nec
165 2833 295 2907 comitas,
307 2852 369 2892 esse
382 2843 485 2911 potest,
496 2854 555 2893 non
567 2833 631 2914 plus
645 2853 731 2910 quam
746 2834 883 2910 amicitia,
