2200 3492
83 196 155 286 ῃ]
379 214 423 261 ns
441 214 589 262 urricus.

123 363 240 422 xvlll.
263 364 333 437 Sed,
344 364 373 422 in
385 365 431 422 his
441 364 577 423 omuibus
590 363 695 422 officiis
704 362 876 436 tribuendis,

84 460 242 519 ridendum
256 461 320 533 erit,
335 461 404 538 quid
426 462 531 536 cuique
549 461 674 519 maxime
692 479 812 519 necesse
830 462 877 532 sit,

83 557 196 633 etquid
211 558 343 634 quisque,
360 559 402 616 sel
417 558 480 615 sine
493 558 589 629 nobis,
606 566 655 615 aut
674 554 763 633 possit
777 575 878 615 conse·

85 655 145 730 qui,
161 665 212 711 eut
225 673 285 712 non
298 656 398 734 possit.
440 655 486 714 Ita
503 672 563 712 non
577 654 665 713 iidem
680 665 765 713 erunt
778 656 878 712 neces·

85 751 247 810 situdinum
262 752 378 829 gradum,
389 753 438 827 qui
448 763 620 828 temporum.
662 753 737 810 Sunt
745 751 876 828 quaedam
892 767 908 815 5

85 848 192 920 officia,
208 866 272 923 quae
287 847 351 905 ullis
365 849 457 926 magis
471 867 557 924 quam
572 847 635 906 aliis
649 848 824 906 debeantur:
846 857 878 905 ut

84 944 214 1002 vicinum
228 944 315 1001 citius
330 944 471 1021 adjuveris
479 932 512 1003 in
520 944 662 1002 fructibus
671 943 876 1020 percipiendis,

84 1060 173 1117 quam
196 1051 245 1098 aut
268 1041 384 1099 fratrem
410 1053 458 1099 aut
480 1026 675 1099 familiarem(
690 1055 727 1112 at,
742 1041 768 1098 si
788 1040 825 1098 lis
847 1041 877 1098 in

82 1138 194 1214 judicio
208 1138 257 1209 sit,
271 1138 464 1214 propinquum
481 1139 578 1214 potius
596 1148 625 1196 et
640 1138 775 1210 amicum,
790 1155 877 1213 quem

86 1234 237 1306 vicinum,
251 1234 423 1303 defenderis.
464 1234 538 1293 Haeo
567 1236 655 1312 igitur
678 1245 708 1292 et
730 1235 800 1293 talia
823 1233 924 1302 cir-10

85 1331 383 1408 cumspiciendasunt
393 1331 423 1389 iu
434 1332 635 1402 omuioffici03
657 1343 686 1390 et
695 1331 878 1390 consuetudo

84 1427 313 1503 exercitatioque
336 1428 487 1504 capienda,
510 1439 541 1489 ut
569 1429 637 1485 boni
659 1429 878 1487 ratiocinatores

10 1544 11 1555 ¹
85 1524 250 1583 officiorum
273 1543 337 1607 esse
360 1525 512 1605 possimus,
529 1535 569 1596 et,
585 1523 717 1582 addendo
735 1523 880 1587 deducen-

10 1644 11 1647 ’
86 1621 192 1697 doque,
208 1621 316 1693 ridere,
331 1640 395 1699 quae
416 1621 521 1697 reliqui
543 1639 655 1679 summa
672 1620 740 1678 liat:
762 1640 798 1678 ex
812 1640 879 1697 quo,

10 1712 11 1723 ¹
85 1727 226 1794 quantum
241 1717 347 1793 cuique
362 1718 510 1790 debeatur,
526 1717 681 1796 intelligas.
896 1733 926 1788 '15

125 1814 197 1886 Sed,
212 1824 244 1872 ut
257 1834 313 1873 uec
327 1815 434 1873 medici
448 1834 504 1873 nec
515 1816 702 1892 imperaturos
717 1837 772 1876 nec
786 1830 880 1877 orato·

85 1930 142 1983 res,
152 1911 283 1986 quamvis
293 1911 362 1969 artis
371 1924 515 1988 precepta
522 1915 714 1990 perceperint,
725 1917 879 1992 quidquam

88 2009 196 2086 magud
217 2008 304 2066 laude
327 2008 447 2085 dignum
465 2009 528 2066 siue
550 2030 604 2067 usu
624 2022 653 2068 et
672 2014 879 2073 exercitatione

11 2174 13 2177 Ι
88 2106 228 2181 consequi
251 2116 387 2181 possunt3
417 2106 459 2164 sic
486 2107 574 2164 officii
595 2110 786 2168 conservandi
810 2130 882 2187 prte-

11 2252 12 2255 ,
89 2213 175 2279 cepta
188 2202 344 2261 traduntur
359 2202 408 2261 illa
421 2203 548 2279 quidem,
561 2216 592 2262 ut
602 2206 724 2264 fecimus
735 2207 807 2284 ipsi:
829 2207 879 2265 sed
894 2212 927 2263 2⁰

88 2298 130 2356 rei
151 2299 323 2376 magnitudo
346 2316 430 2357 usum
452 2319 566 2379 quoque
588 2303 880 2379 exercitationemque

89 2396 243 2454 desiderat.
286 2398 392 2473 Atque,
406 2399 441 2456 ab
455 2398 491 2456 iis
505 2400 591 2457 rebus
605 2418 667 2474 quae
689 2412 756 2477 suut
771 2401 801 2458 in
816 2401 881 2477 jure

90 2493 239 2552 societatis
260 2492 403 2567 humente,
424 2497 665 2570 quemadmodum
690 2497 812 2557 ducatur
833 2498 881 2557 ho-

90 2600 214 2662 nestum,
240 2609 276 2648 ex
299 2609 356 2667 quo
379 2604 476 2669 aptum
498 2604 541 2650 est
563 2593 700 2666 officium,
724 2595 794 2652 satis
820 2596 880 2653 sere

92 2686 224 2745 diximus.
894 2702 926 2754 ὕ

128 2783 356 2861 Intelligendum
376 2796 420 2843 est
435 2798 546 2863 autem,
568 2804 636 2845 curn
655 2789 803 2864 proposita
822 2789 901 2848 sint‘

94 2898 199 2958 genera
218 2890 351 2958 quatuor,
372 2901 389 2940 e
409 2884 514 2958 quibus
540 2885 676 2943 honestes
696 2886 881 2961 officiumque

95 2988 232 3052 maneret,
260 2979 523 3055 splendidissimum
550 2982 652 3055 videri,
679 2983 756 3058 quod
784 2982 881 3040 auimo

288 3076 309 3134 4
