2200 3492
154 215 212 275 148
487 224 531 272 nn
548 223 699 272 orimus.
893 221 984 282 [nm.

197 383 324 432 nostram
351 360 572 451 intelligentiam
599 373 688 445 eadit,
708 371 848 430 tuendum
872 389 986 429 conser-

197 472 379 548 vandumqne
406 483 449 529 est
476 473 571 543 nobis,
595 490 680 547 quam
707 471 747 542 id,
770 469 847 545 quod
873 469 986 546 proprie

197 568 314 640 dieitur,
329 586 452 644 vereque
465 578 510 625 est
523 569 687 640 honestum,
702 568 888 643 sapientibus.
925 565 987 624 Ali·

197 675 240 723 ter
260 666 338 723 enim
357 665 450 723 teneri
470 683 530 723 non
548 675 654 741 potest,
669 664 693 721 si
713 684 771 741 qua
790 674 834 721 est
851 664 886 721 ad
901 663 988 720 virtu-

166 770 256 819 5ten1
277 763 354 820 faeta
372 763 545 840 progressio.
588 762 647 819 ssd
667 762 731 818 lraeo
751 761 867 836 quidem
888 760 924 816 de
941 759 986 830 iis,

197 859 246 923 oui
267 859 486 917 conservatione
507 859 667 916 officiorum
680 842 885 915 'existimantur
907 856 986 913 boni.

236 956 299 1018 Qui
321 966 417 1014 antem
437 956 536 1014 omnia
556 956 713 1016 metiuntur
736 953 939 1011 emolumentis
959 962 988 1010 et

199 1053 366 1124 commodis,
380 1071 474 1127 neque
488 1071 523 1110 ea
536 1052 637 1109 volunt
657 1051 868 1127 praeponderari
885 1050 989 1107 hones·

198 1159 266 1221 tate,
289 1150 319 1206 hi
339 1150 442 1221 solent,
464 1149 494 1207 in
522 1144 719 1220 deliberando,
740 1148 892 1205 honestum
919 1165 988 1203 oum

153 1254 183 1304 10
198 1264 244 1317 eo,
259 1246 335 1329 quod
356 1245 425 1302 utile
445 1254 556 1322 putant,
572 1258 755 1321 comparare:
777 1244 846 1301 boni
860 1243 913 1300 viri
928 1262 988 1300 non

198 1342 299 1400 solent.
340 1341 442 1417 Itaque
456 1341 602 1414 existim0,
616 1338 869 1414 Panaetium,·eum
883 1340 989 1398 dixerit
1046 1392 1048 1395 ,

198 1439 330 1498 nomines
354 1439 447 1497 solere
468 1440 498 1497 in
519 1441 574 1497 hae
602 1439 816 1515 comparatione
843 1438 987 1510 dubitare,

31 1572 33 1577 ·
112 1528 128 1567 t
199 1538 254 1596 hoo
274 1537 368 1613 ipsum
389 1537 523 1609 sensisse,
544 1536 621 1612 quod
641 1536 756 1608 dixerit,
776 1535 869 1592 solere
888 1534 988 1607 modo,

198 1653 256 1693 non
274 1635 363 1699 etiam
386 1644 535 1711 oportere:
564 1633 671 1690 etenim
698 1651 757 1690 non
784 1631 871 1690 modo
896 1631 991 1707 pluris

55 1776 58 1780 .
153 1739 184 1789 15
198 1741 302 1808 putare.
319 1731 396 1808 qnod
423 1731 493 1788 utile
513 1731 654 1800 videatur,
674 1748 760 1805 quarn
780 1729 858 1804 quod
886 1729 990 1785 hones·
1095 1730 1096 1773 ἓ

199 1837 288 1897 tum;-
301 1827 435 1887 sedasse
455 1827 543 1884 etiam
564 1827 689 1884 interne
710 1843 885 1901 comparare,
907 1834 936 1882 et
956 1823 989 1883 in
1095 1818 1096 1821 ¹

198 1923 244 1980 his
259 1922 645 1999 addubitaredlapnissimum
660 1910 729 1979 ests
753 1922 835 1984 Quid
849 1928 892 1979 est
906 1941 989 1998 ergo,

199 2020 275 2095 quod
295 2037 453 2095 nonnunqn
514 2020 733 2079 'dubitationem
758 2019 858 2076 afferre
885 2018 989 2090 soleat,
1032 2050 1035 2056 Δ

199 2114 458 2189 considerandum
477 2116 669 2175 .1;.lideaturt
709 2115 815 2187 Credo,
829 2116 854 2173 si
871 2116 989 2192 quando

152 2225 184 2275 20
199 2212 341 2272 dubitatio
361 2213 478 2284 accidis
498 2214 583 2290 quale
602 2214 640 2271 sit
660 2213 700 2285 id,
721 2213 758 2269 de
778 2217 836 2289 quo
856 2212 990 2270 conside·
1095 2214 1096 2217 ’

198 2321 286 2368 retur.
988 2307 996 2317 ’

239 2408 322 2483 Saepe
341 2406 419 2467 enim
439 2418 568 2485 tempore
591 2407 633 2478 fit,
655 2417 696 2479 ut,
717 2406 794 2482 qnod
819 2406 988 2483 plerumque

198 2512 281 2578 turpe
301 2503 401 2567 haberi
421 2504 521 2574 soleat,
542 2503 706 2561 inveniatur
729 2523 789 2560 non
811 2522 873 2560 esse
893 2512 985 2578 turpe.

198 2598 332 2674 Exempli
359 2600 459 2672 nausii,
486 2610 608 2676 ponatur
642 2600 760 2676 aliquid,
788 2599 864 2674 quod
890 2609 987 2675 pateat

152 2710 184 2760 25
198 2695 292 2754 latius.
333 2696 424 2758 Quod
445 2700 539 2772 potest
566 2697 658 2773 majus
684 2716 748 2754 esse
774 2696 879 2768 scelus,
901 2714 988 2770 quam

199 2811 259 2851 non
272 2791 359 2849 modo
373 2793 530 2865 hominem,
544 2794 596 2850 sed
609 2795 697 2850 etiam
714 2792 883 2851 familiarem
898 2791 988 2848 horni-

199 2908 276 2961 nem,
291 2887 445 2946 occideret
485 2887 567 2946 Num
587 2888 675 2966 igitur
695 2908 726 2946 se
748 2888 879 2949 astrinxit
898 2887 989 2945 seele·

198 3005 240 3059 re,
252 2985 276 3045 si
286 2985 350 3064 quis
363 2995 517 3063 tyrannum
528 2986 647 3059 oceidit,
659 2985 788 3063 quamvis
799 2983 988 3045 familiarem?
