2200 3492
194 182 251 242 ltt
528 189 571 236 mr
593 188 740 237 our-rcus.
942 188 985 249 [u
997 183 1037 233 rn

238 338 285 418 (ut
298 339 330 397 in
342 340 465 399 Catonis
485 342 615 399 oratione
635 343 692 420 est)
713 340 834 417 majores
854 338 952 398 nostri
972 349 1040 396 esso

237 437 397 496 volucrunt.
448 440 489 496 At
509 437 587 496 enirn
607 457 645 495 ne
666 439 756 495 iratus
776 437 895 512 quidem
917 435 1038 511 Jupiter

235 533 300 610 plus
327 533 444 611 Regulo
471 535 629 606 nocuisset,
653 554 739 611 quom
761 533 817 591 sibi
840 533 949 591 nocuit
974 531 1038 608 ipse

236 628 379 706 Regulus.
441 630 539 702 Certe,
567 630 592 688 si
618 631 690 690 nihil
724 630 831 688 malum
858 639 949 702 esset,
979 628 1037 686 nisi

207 724 343 790 odolere.
406 724 440 782 Id
469 736 566 783 nutem
587 746 651 788 nou
678 725 765 783 modo
790 741 850 782 non
885 743 1036 782 summurn

237 821 355 893 malum,
381 823 432 879 sed
459 842 497 880 ne
524 823 632 881 mnium
658 822 775 897 quidem
801 840 875 893 csso,
904 820 1036 880 mnximh

239 920 407 977 auctoritate
420 920 582 996 philosophi
598 918 754 1002 affirmant3
777 937 899 994 quorum
911 918 1036 993 quidem

238 1024 340 1072 testem
360 1036 419 1073 non
438 1016 625 1088 mediocrem,
640 1015 691 1073 sed
705 1016 784 1076 haud
795 1014 859 1073 snio
873 1034 911 1071 an
924 1014 1036 1091 gravis·

237 1112 353 1192 simum,
387 1112 545 1190 Regulum,
580 1111 680 1182 nolite,
716 1129 823 1186 quasso,
857 1111 1031 1186 vituperem

194 1219 225 1268 1⁰
236 1208 336 1269 Quem
350 1209 427 1266 enirn
441 1193 660 1284 locupletiorem
674 1208 837 1283 querimus,
852 1225 940 1286 quam
957 1208 1033 1283 prin·

237 1303 332 1379 cipem
364 1304 463 1379 populi
496 1303 635 1375 Romani,
659 1303 729 1378 .qui‚
761 1303 906 1361 retinendi
940 1302 1031 1362 officii

238 1400 336 1471 crusti,
358 1400 518 1458 cruciatum
539 1400 660 1458 subierit
680 1399 892 1457 voluntarium?
940 1399 1030 1471 Nam,

237 1496 314 1572 qnod
336 1497 425 1574 aiunt,
440 1497 615 1565 minimede
636 1497 728 1568 malis,
743 1495 772 1553 id
792 1505 846 1567 est,
861 1507 893 1553 ut
907 1496 1029 1572 turpiter

237 1593 344 1669 potius,
365 1612 449 1669 quarn
477 1591 661 1663 calamitum
690 1612 727 1660 un
748 1601 792 1649 est
818 1592 908 1649 ullum
937 1579 1030 1670 mijus

195 1701 226 1750 15
239 1690 345 1747 malum
367 1690 563 1766 turpitudine?
584 1709 647 1764 quae
667 1689 692 1746 si
713 1688 745 1745 in
764 1685 949 1745 deformitate
968 1705 1028 1746 cor-

237 1785 316 1861 poris
337 1786 424 1843 habet
451 1785 558 1871 aliquid
585 1785 763 1856 offensionis,
784 1795 892 1874 quanta
912 1784 964 1843 illa
984 1785 1030 1843 de

237 1882 367 1956 prsvntio
380 1892 409 1938 et
423 1881 537 1939 soeditns
550 1882 705 1958 turpificati
713 1881 807 1939 enimi
819 1881 909 1938 debet
919 1881 1031 1941 viduit

238 1976 350 2054 Itaque,
371 1978 520 2036 nervosius
540 1978 593 2054 qui
610 1979 667 2036 isto
691 1978 845 2048 disserunt,
866 1978 961 2036 solum
981 1997 1032 2037 nu·

238 2073 308 2131 dent
321 2074 426 2131 malum
441 2075 539 2132 dicere
554 2075 594 2147 id,
609 2077 684 2151 quod
699 2086 781 2151 turpe
795 2076 848 2145 sit;
868 2074 918 2150 qui
933 2083 1031 2134 cutm

192 2183 226 2233 m
238 2171 396 2260 remissius,
410 2171 440 2229 hi
456 2183 554 2230 tamen
574 2164 786 2240 nondnbitant
805 2189 950 2229 summum
970 2189 1031 2230 ms·

238 2267 299 2351 lum
313 2268 419 2327 dicere.
461 2268 538 2330 Nam
554 2267 625 2327 illud
638 2268 765 2343 quidem,

292 2424 308 2448 ⁴⁴
318 2418 406 2482 Neque
417 2418 483 2480 dedi,
494 2434 575 2481 neque
586 2418 629 2481 do,
638 2418 714 2466 fidem
724 2418 821 2467 infideli
831 2415 974 2481 cuiqu‘umss‘

238 2555 350 2613 idcirco
377 2566 456 2614 recte
484 2576 501 2614 a
526 2557 631 2633 poiti3
658 2556 736 2632 qnia,
764 2576 830 2614 oum
857 2566 1027 2616 tractaretur
1066 2619 1069 2626 .

239 2650 356 2721 Atreus,
377 2672 506 2728 personae
527 2652 709 2710 serviendum
731 2652 793 2710 fuit.
847 2651 907 2709 Sed
927 2652 951 2709 si
972 2653 1027 2711 hoo
1086 2671 1087 2698 ³

193 2763 226 2813 25
239 2747 293 2804 sibi
308 2757 435 2819 sumunt,
449 2747 557 2806 nuliam
571 2751 635 2805 e'sse
648 2743 745 2820 fidem,
759 2767 822 2823 quae
836 2747 946 2806 infideli
961 2748 1027 2808 datr

161 2913 170 2926 ,ᾖ
239 2843 292 2913 sit3
314 2843 438 2914 videant,
452 2864 494 2901 ne.
507 2854 650 2920 queratur
670 2845 781 2903 latebre
799 2845 936 2921 perjurio.
974 2844 1025 2903 Εκ

240 2951 335 3000 sutem
353 2935 675 3016 jusstiamlbeuicum,
696 2933 823 3017 fidesque
841 2940 1029 3019 jurisjurandi
