2200 3492
178 192 236 255 lau
450 200 463 251 t
511 207 555 255 nn
577 188 744 257 enricus
930 205 1007 268 [an

221 353 342 412 minima
361 354 496 431 suspicio.
538 355 714 427 “Utinamss'
730 353 823 430 inquit
841 354 875 412 C.
890 352 1014 413 Pontius

221 451 347 523 Samnis,
359 458 378 485 “
387 453 422 509 ad
437 452 488 511 illa
498 463 629 529 tempora
641 471 689 511 me
703 453 818 510 fortuna
827 450 1013 523 reuertisset,

221 557 251 604 et
269 556 331 605 tum
358 567 451 606 essem
477 557 572 620 uatus,
593 548 753 624 siquando
784 546 913 605 Rbmani
934 548 1014 611 dona

221 645 355 720 accipere
375 645 545 719 eoepissent!
575 663 635 702 uon
662 664 754 702 essem
781 664 882 721 passus
903 645 1013 703 diutius

189 745 272 798 bees
298 742 466 817 imperare.”
508 742 574 813 Nae,
595 741 637 798 illi
657 741 747 799 muita
768 741 875 799 saeeuh
895 760 1014 818 θυρεο-

218 839 307 896 tanda
327 838 459 895 fuerunt:
483 837 571 895 mode
591 838 669 895 enim
689 839 747 895 boe
767 838 874 897 malum
889 837 918 899 in
934 839 1013 897 bane

219 935 425 1009 rempublicam
449 934 570 992 invasit:
598 934 695 1010 itaque
718 934 804 992 facile
828 934 920 1010 patior
949 945 1012 993 tum

197 1032 315 1107 notius
335 1031 469 1089 Pontium
489 1031 588 1102 fuisse,
609 1031 750 1106 siquidem
771 1031 801 1089 in
825 1032 874 1088 illo
897 1042 1011 1089 tantum

220 1128 273 1186 fait
296 1128 415 1187 roboris.
457 1129 596 1185 Nondum
621 1139 737 1187 centum
761 1139 791 1186 et
814 1127 914 1184 decem
943 1130 1011 1187 anni

173 1231 207 1281 lt
220 1237 295 1295 sunt,
317 1243 384 1281 eum
408 1224 445 1281 de
468 1222 601 1300 pecuniis
624 1224 790 1300 repetundis
811 1244 828 1282 a
847 1224 881 1281 L.
902 1225 1012 1284 Pisone

219 1320 276 1378 lata
296 1331 340 1379 est
360 1321 416 1392 lex,
437 1321 517 1379 nulla
537 1332 623 1379 antea
642 1339 709 1379 eum
730 1320 839 1379 suisset.
880 1321 922 1378 At
941 1341 1013 1380 vero

984 28 990 31 ’
1027 4 1082 127 i

218 1430 317 1493 postea
336 1428 376 1477 tet
396 1417 486 1495 leges,
506 1428 536 1474 et
556 1417 692 1494 proximae
719 1436 840 1493 quaeque
861 1417 1029 1489 duriores3'

219 1524 262 1574 tot
287 1515 339 1588 rei,
364 1526 405 1573 tot
432 1515 575 1584 damnati3
607 1525 718 1573 tautum
743 1514 877 1571 Italicum
902 1515 1013 1574 bellum

218 1622 333 1687 propter
363 1612 539 1688 judiciorum
571 1620 681 1668 metum
709 1610 882 1682 excitatum
917 1622 1012 1685 tanta,

173 1710 205 1762 lb
219 1707 338 1765 sublatis
358 1707 474 1783 legibus
488 1716 518 1764 et
534 1696 668 1783 judiciis,⁴
678 1706 813 1782 expilatio
828 1706 1013 1783 direptioque

218 1802 374 1869 meierum,
396 1813 427 1859 ut
447 1802 645 1861 imbecillitate
672 1801 804 1874 aliorum,
825 1821 885 1860 nou
909 1805 1013 1863 nostri

218 1897 332 1966 virtute,
346 1899 499 1957 vueumus.

258 2091 360 2150 XXII.
395 2093 508 2151 Laudat
542 2093 715 2152 Africanum
748 2093 904 2166 Panaetius,
932 2096 1012 2170 quod

192 2208 195 2214 ’
219 2189 306 2247 fuerit
327 2190 481 2249 abstinens.
529 2189 613 2252 Quid
635 2190 666 2247 ni
687 2190 803 2248 laudet?
835 2191 886 2247 sed
908 2192 939 2249 in
961 2192 1013 2251 illo

172 2290 204 2340 2⁰
219 2286 275 2344 elia
294 2286 408 2363 majera.
450 2287 528 2344 Laus
550 2287 729 2346 abstinentie
750 2306 809 2345 non
826 2287 953 2345 hominis
965 2298 1012 2346 est

218 2384 322 2454 selum,
350 2384 399 2440 sed
426 2383 514 2440 etiam
545 2393 709 2457 temporum
742 2383 864 2442 illorum.
919 2384 1010 2443 Omni

218 2478 414 2539 Macedonum
434 2480 519 2556 gazi,
534 2498 597 2554 quae
619 2479 673 2536 fuit
693 2481 827 2552 maxima,
841 2481 950 2556 potitus
965 2493 1012 2541 est

218 2574 342 2633 Paulus:
364 2584 475 2633 tantum
496 2575 526 2633 in
547 2576 678 2633 aerarium
699 2577 831 2653 pecuniae
845 2577 963 2649 invexit,
977 2592 1012 2636 ut

218 2671 305 2729 unius
325 2672 506 2747 imperatoris
524 2674 623 2748 praeda
641 2674 728 2732 finem
748 2674 876 2732 attulerit
889 2675 1012 2732 tributo-

173 2774 291 2826 251um.
333 2768 375 2824 At
388 2768 436 2825 hie
450 2769 520 2829 nihil
536 2770 652 2828 domum
672 2791 763 2843 suain,
776 2780 880 2846 preter
902 2790 1012 2829 memo·

220 2863 291 2922 riam
319 2865 445 2922 nominis
471 2866 685 2942 sempiternam,
701 2867 825 2925 <detulit
875 2866 1011 2925 Imitatus

219 2971 331 3039 patrem
346 2961 513 3034 Africanus,
527 2963 621 3021 nihilo
640 2963 811 3039 locupletior
831 2962 1012 3041 Canthagine
