2200 3492
83 222 179 282 unu]
372 204 417 267 bs
437 221 582 267 oramus
862 207 918 267 189

82 370 197 428 Facere
222 351 379 446 promissa,⁴
393 381 469 427 stare
495 368 655 440 conventis,
678 368 797 427 reddere
822 367 873 426 de·

81 467 191 544 posita,
209 467 385 525 commutata
403 466 536 538 utilitate,
557 464 630 523 finnt
656 484 715 523 uon
743 466 870 523 honssm.

83 565 131 622 Ao
151 565 188 622 de
209 563 245 621 iis
265 564 390 638 quidem,
410 583 475 638 qnae
494 563 708 620 videnturesse
734 562 871 619 utilitates

79 672 187 724 eontra
217 660 357 737 justitiam
390 660 572 717 simulatione
603 659 775 735 prudentiae,
802 659 871 716 satis

83 759 207 817 arbitror
221 758 340 816 dietum.
790 779 795 784 ·
885 764 901 812 5

123 855 350 931 sedquoniam
372 873 389 912 a
411 863 532 930 quatuor
555 847 687 912 lontibus
714 853 871 911 honestatis

81 953 178 1028 primo
203 952 278 1010 libro
304 950 402 1008 officia
427 951 570 1021 duximus,
590 950 622 1007 iu
648 951 757 1009 eisdem
779 969 872 1008 versa·

82 1049 188 1120 bimur,
210 1065 276 1105 oum
302 1048 481 1117 docebimus,
502 1065 546 1118 ea,
568 1063 630 1122 qun
650 1047 781 1104 videntur
808 1064 871 1103 esse

83 1143 176 1216 utilia,
197 1162 291 1218 neque
318 1153 395 1216 sunt,
416 1162 500 1218 quam
525 1144 583 1201 sint
603 1143 716 1200 virtutis
742 1142 870 1200 inimica.

83 1241 131 1298 Ao
158 1240 195 1297 de
221 1240 374 1316 prudentii
408 1239 532 1315 quidem,
559 1233 645 1315 quam
672 1240 732 1297 vult
765 1238 871 1297 imitari
887 1249 917 1298 10

83 1337 210 1407 melitia3
245 1336 371 1411 itemque
399 1338 435 1394 de
450 1336 580 1412 institit,
601 1356 663 1412 quae
690 1353 801 1412 semper
828 1345 872 1393 est

83 1433 173 1505 utilis,
187 1433 364 1509 disputatum
377 1443 429 1489 est.
471 1431 605 1507 Reliquae
619 1442 686 1489 sunt
700 1432 763 1489 duae
776 1441 872 1508 partes

83 1529 254 1601 honestatis,
275 1547 395 1604 quarum
424 1528 513 1585 altera
532 1527 563 1585 in
588 1527 675 1585 animi
702 1527 884 1587 excellentis.

83 1626 284 1703 magnitudine
308 1638 337 1682 et
358 1617 525 1701 prestantia
553 1623 696 1694 oernitur;
726 1623 815 1681 altera
841 1624 871 1681 in

68 1721 316 1787 ‚conformatione
341 1732 371 1779 et
397 1721 596 1779 moderatione
630 1711 816 1778 continentie
841 1730 872 1779 et
887 1731 933 1784 15*

83 1819 289 1895 temperantiae.

123 2011 240 2070 XXVI.
267 2012 345 2071 Utile
372 2012 520 2069 videbatur
546 2012 652 2089 Ulyssi,
681 2011 736 2090 (ut-
755 2013 870 2088 quidem

83 2114 178 2186 polite
202 2109 313 2186 tragici
327 2108 531 2184 prodiderunt3
563 2117 651 2180 nam',¹
666 2110 740 2185 apud
764 2107 873 2166 Home·

84 2225 159 2277 rum,
179 2206 318 2281 optimum
347 2215 504 2276 auctorem,
525 2204 592 2262 talis
609 2204 647 2260 de
666 2204 767 2278 Ulysse
793 2204 873 2261 nulla

84 2303 212 2378 suspicio
225 2302 283 2381 est)
295 2301 346 2357 sed
360 2301 527 2359 insimulant
539 2318 605 2357 eum
620 2300 775 2377 tragoediae,
787 2301 872 2356 simu·
887 2307 920 2358 2⁰
935 2335 938 2340 <

83 2399 194 2458 latione
217 2384 336 2455 insaniae
359 2397 491 2455 militiam
517 2397 715 2473 subterfugere
734 2396 871 2452 uoluisse.

84 2495 155 2553 Non
180 2496 330 2552 honestum
357 2494 527 2551 consilium:
556 2503 585 2550 at
605 2493 674 2551 utile
697 2491 743 2570 (ut
769 2492 873 2567 aliquis

85 2592 207 2650 fortasse
217 2591 338 2671 dixerit)
354 2610 485 2667 regnare,
499 2600 530 2648 et
543 2590 651 2648 Ithaoae
665 2590 759 2647 vivere
780 2590 873 2682 otioqe

85 2707 153 2746 curn
172 2688 350 2764 parentibus,
371 2707 438 2743 oum
461 2706 559 2758 uxore,
581 2705 647 2743 oum
669 2686 735 2744 lilio.
776 2685 872 2744 Ullum

85 2795 117 2843 tu
145 2785 234 2842 deous
262 2785 291 2841 in
318 2784 492 2858 quotidianis
518 2783 654 2859 periculis
676 2793 706 2842 et
726 2784 920 2843 laboribusus

86 2900 155 2940 enm
166 2882 221 2939 hao
231 2880 437 2955 tranquillitate
448 2879 659 2937 conserendum
667 2879 768 2957 putasl
808 2877 874 2956 Ego

86 2997 155 3037 sero
175 2980 258 3040 istam
280 2976 521 3035 contemnendam
535 2986 564 3035 et
578 2976 784 3054 abjiciendam
806 2993 875 3052 quo·
