2200 3492
192 231 248 290 186
524 220 568 284 ua
590 236 735 284 osricus.
932 231 1022 294 [aru

233 388 293 446 ium
307 388 362 444 erit
375 397 522 445 certamen
530 407 538 457 3
560 386 621 458 sed,
635 385 717 462 quasi
735 393 811 441 sorte
826 391 875 440 aut
888 382 1023 440 micando

234 485 336 556 victus,
352 484 433 542 alteri
454 484 538 541 cedat
560 483 638 541 alter.
679 481 782 543 Quidl
809 480 834 537 si
854 490 936 556 pater
958 479 1025 537 fana

233 580 347 656 expilet,
363 579 515 636 cuniculos
530 588 596 656 agat
611 579 645 635 ad
661 576 792 634 erarium
801 596 809 647 ;
830 575 980 633 indicetne
994 575 1023 632 id

234 677 448 754 magistratibus
480 676 576 733 liliusl
635 673 727 732 Nefas
754 673 783 731 id
811 672 928 748 quidem
963 681 1024 730 est:
1089 714 1090 717 ,

204 773 389 849 squinetiam
411 770 546 829 defendat
565 781 686 848 patrem,
707 769 731 826 si
754 778 898 846 arguatur.
953 766 1024 825 Non

235 869 322 946 igitur
341 869 434 945 patria
453 877 570 944 prestat
591 867 725 924 omnibus
752 865 875 923 officiis?
929 865 1026 922 Immo

234 984 316 1024 vero:
339 965 388 1022 sed
404 964 457 1040 ipsi
470 964 570 1040 patriae
585 963 734 1033 conducit,
748 963 811 1038 pios
825 962 903 1019 cites
917 962 1026 1019 babere

235 1061 264 1118 in
284 1071 425 1137 parentes.
466 1059 569 1121 Quidl
591 1059 614 1116 si
631 1059 811 1135 tyrannidem
829 1077 985 1133 occupare,
1000 1057 1025 1114 si

233 1150 355 1232 patriam
364 1156 495 1232 prodere,
507 1156 658 1213 conabitur
668 1165 764 1231 pater3
786 1154 919 1212 silebitne
930 1153 1026 1211 filius?

192 1257 221 1305 1⁰
233 1251 328 1311 Immo
348 1270 416 1308 vero
436 1251 601 1310 obsecrabit
620 1263 741 1327 patrem,
756 1270 793 1308 ne
809 1251 839 1308 id
853 1251 947 1308 saciat.
992 1250 1026 1308 Si

234 1348 304 1406 nihil
325 1349 466 1425 proficiet,
488 1330 653 1406 accusabit:
681 1347 835 1406 minabitur
854 1348 959 1405 etiam:
989 1348 1025 1405 ad
1067 1398 1070 1401 .

234 1450 404 1517 extremum,
419 1444 444 1502 si
459 1445 494 1502 ad
513 1444 674 1520 perniciem
686 1444 793 1521 vpatriae
807 1463 853 1501 res
872 1444 1026 1520 spectabit,

234 1542 334 1619 patriae
347 1542 468 1600 salutem
483 1551 639 1618 anteponet
650 1541 735 1598 saluti
749 1540 845 1617 patris.

274 1637 390 1700 Quaeru
410 1637 508 1708 etiam,
523 1637 547 1694 si
567 1635 680 1712 sapiens
700 1636 873 1694 adulterinos
892 1654 1029 1695 nummos

192 1743 223 1790 15
236 1734 382 1810 acceperit
396 1732 562 1810 imprudens
575 1752 627 1810 pro
638 1733 720 1791 bonis
728 1754 736 1803 ;
758 1742 824 1790 cum
840 1732 869 1791 id
884 1732 1027 1804 rescierit,

236 1829 419 1886 soluturusne
447 1829 483 1885 sit
510 1848 571 1901 eos,
593 1829 616 1887 si
644 1831 692 1887 eui
720 1829 832 1900 debeat,
852 1832 908 1905 pro
930 1829 1027 1887 bonis

236 1924 384 2001 Diogenes
405 1924 460 1982 ait:
489 1925 642 2002 Antipater
666 1938 768 2003 negat;
796 1926 845 1983 eui
865 1926 963 2002 potius
986 1945 1030 1983 as·

236 2010 353 2080 sentior.
393 2020 457 2084 Qui
477 2022 575 2079 vinum
597 2022 710 2101 fugiens
730 2023 834 2081 vendat
854 2024 961 2095 sciens,
979 2023 1030 2081 de-

235 2116 341 2175 beatne
362 2118 481 2176 dicerel
521 2117 592 2176 Non
612 2138 731 2176 necesse
750 2129 833 2201 putat
860 2119 1028 2196 Diogenes:

193 2227 224 2276 20
238 2214 391 2290 Antipater
404 2214 458 2272 viri
479 2215 548 2273 boni
569 2215 721 2273 existimat.
763 2215 837 2273 Haec
857 2225 925 2273 sunt
946 2216 1030 2291 quasi

238 2296 422 2369 controversa
439 2311 504 2388 jura
524 2313 700 2369 Stoicorum.
741 2311 775 2368 ln
796 2312 943 2396 mancipio
962 2330 1032 2369 reu·

239 2411 344 2481 dendo,
360 2409 521 2470 dicendane
535 2409 613 2482 vitia,
630 2428 687 2467 non
705 2430 749 2481 ea,
764 2430 827 2485 quae
842 2410 896 2467 nisi
911 2411 1031 2482 dixeris,

238 2508 423 2566 redhibeatur
451 2509 627 2584 mancipium
654 2510 719 2586 jure
747 2508 842 2578 civili3
876 2508 927 2565 sed
956 2510 1031 2579 baee,

239 2607 408 2663 mendaeem
430 2625 502 2674 esse,
515 2606 691 2678 mentorem,
713 2606 851 2679 furacem,
873 2607 1030 2665 ebriosum.

195 2704 334 2765 mulieri
362 2705 486 2762 dicenda
512 2704 655 2777 ridentur,
685 2705 766 2763 alteri
799 2724 858 2763 non
886 2705 1031 2763 videntur.

241 2804 274 2861 Si
301 2802 374 2878 quis,
396 2822 496 2860 aurum
523 2803 668 2875 vendensp
686 2804 863 2862 orichalcum
892 2824 923 2861 se
950 2816 1032 2880 putet

241 2902 374 2969 vendere,
402 2901 549 2959 indicetne
577 2902 604 2959 ei
633 2903 675 2959 vir
702 2904 803 2973 bonus,
832 2922 932 2960 aurum
962 2902 1032 2960 illud

241 3021 315 3075 esse,
331 3021 366 3060 an
382 3009 458 3059 eruat
478 2999 608 3072 denario,
622 3001 700 3076 quod
714 3001 751 3058 sit
765 3002 843 3059 mille
860 3001 1012 3061 denarium
1020 3003 1032 3059 'l
