2200 3492
80 240 145 301 nr]
372 242 415 288 nn
435 242 580 288 urricus.
878 230 918 290 25

83 388 208 457 Volscos,
230 389 367 461 Sabinos,
383 389 540 461 Hernicos,
563 390 593 447 in
614 389 761 447 civitatem
782 389 870 446 etiam

82 496 271 563 acceperunt:
295 497 323 544 ut
338 487 545 564 Carthaginem
560 498 590 560 et
603 485 794 544 Numantiam
808 486 872 543 lun·

20 612 22 655 3
81 583 152 640 ditus
166 584 362 641 sustulerunt:
385 584 490 642 nollem
507 583 697 642 Corinthum:
719 582 770 640 sed
784 583 872 641 credo

81 680 184 755 aliquid
199 690 325 752 secutos,
341 668 585 758 opportunitatem
605 681 664 738 loci
685 680 819 753 maxime,
834 699 872 738 ne

79 789 173 852 posset
189 777 347 852 aliquando
361 777 396 837 ad
411 778 517 836 bellum
533 778 698 835 laciendum
712 777 795 834 locus
810 777 871 853 ipse
886 787 904 834 5

80 874 235 931 adhortari.
278 873 348 932 Mea
359 874 476 950 quidem
495 875 649 947 sententia,
663 875 740 952 paci,
752 890 815 950 quae
829 874 872 932 ni·

78 970 115 1028 hil
131 971 267 1028 habitura
280 971 317 1028 sit
332 971 512 1045 insidiarum,
528 991 641 1048 semper
655 982 699 1030 est
720 970 872 1029 consulen-

77 1067 153 1125 dum.
196 1066 235 1124 Iu
258 1087 315 1143 quo
340 1066 364 1125 si
385 1068 456 1126 mihi
477 1080 553 1126 esset
573 1070 818 1145 obtemperatum;
847 1069 871 1126 si

77 1183 135 1221 non
145 1165 296 1240 optimam,
307 1177 336 1223 at
347 1166 470 1241 aliquam
482 1166 691 1243 rempublicam
704 1166 781 1244 (quaa
793 1184 871 1224 nunc

20 1288 21 1291 ¹
77 1261 157 1320 nulla
171 1263 229 1341 est)
247 1262 426 1321 haberemus.
468 1262 507 1321 Et
524 1282 592 1321 cum
606 1263 652 1335 iis,
667 1282 740 1339 quos
754 1263 781 1320 vi
796 1263 873 1321 devi-
888 1271 919 1320 10

20 1392 21 1395 =
76 1359 162 1429 ceris,
175 1358 384 1418 consulendum
397 1370 458 1430 e‘st3
479 1371 541 1417 tum
553 1360 584 1432 ii,
593 1360 653 1435 qui,
664 1360 750 1417 armis
760 1360 871 1436 positis,

76 1455 111 1512 'ad
131 1455 340 1530 imperatorum
360 1456 446 1514 fidem
468 1456 648 1532 confugient,
663 1457 792 1532 quamvis
812 1475 874 1513 mu·

76 1571 139 1609 rum
163 1552 240 1610 aries
260 1553 443 1627 percusserit,
466 1552 628 1628 recipiendi
651 1562 724 1609 sunt.
766 1552 801 1609 In
816 1570 873 1627 quo

77 1660 230 1725 tantopere
256 1650 330 1726 apud
352 1660 466 1707 nostros
484 1649 598 1726 justitia
618 1648 697 1706 culta
716 1659 769 1719 est,
789 1659 821 1705 ut
841 1649 872 1719 ii,

77 1747 125 1822 qui
141 1747 275 1804 civitates
291 1756 340 1804 aut
353 1747 485 1817 nationes
500 1746 629 1804 devictas
647 1745 723 1803 bello
742 1746 772 1804 in
786 1746 871 1803 fidem
889 1763 919 1810 15

77 1844 268 1927 recepissent,
280 1862 378 1903 earum
392 1843 506 1920 patroni
517 1853 613 1901 essent
628 1861 708 1901 more
722 1843 871 1920 majorum.

107 1940 164 1997 'Ac
194 1940 262 1997 belli
287 1940 403 2014 quidem
428 1941 547 2016 aequitas
572 1941 751 1998 sanctissime
776 1940 872 1998 feciali

79 2037 175 2113 populi
197 2036 329 2094 Romani
346 2037 411 2115 jure
431 2037 592 2113 perscripta
606 2047 656 2094 est.
699 2037 745 2094 Ex
759 2055 816 2112 quo
830 2039 872 2094 in-

79 2134 168 2211 telligi
190 2144 295 2209 potest,
316 2134 428 2191 nullum
457 2134 563 2191 bellum
591 2153 654 2191 esse
675 2134 793 2210 justum,
815 2124 871 2191 nisi

79 2231 152 2305 quod
176 2241 225 2288 aut
247 2231 333 2288 rebus
354 2231 483 2307 repetitis
503 2241 630 2309 geratur,
653 2240 702 2288 aut
722 2230 872 2288 denuntia·
887 2243 918 2290 20

78 2338 136 2385 tum
153 2338 221 2385 ante
237 2327 283 2399 sit,
299 2338 331 2385 et
345 2328 496 2385 indictum.
538 2328 697 2404 Pompilius
718 2328 871 2403 imperator

79 2426 193 2482 tenebat
216 2424 411 2499 provinciam:
441 2425 470 2481 in
494 2425 576 2500 cujus
597 2424 726 2481 exercitu
751 2424 872 2481 Catonis

79 2520 151 2579 titius
165 2522 224 2577 tiro
239 2520 388 2578 militabat.
432 2521 506 2577 Cum
523 2531 618 2578 autem
637 2520 780 2595 Pompilio
795 2520 871 2576 vide·

77 2627 154 2675 retur
170 2635 260 2675 unam
280 2617 423 2675 dimittere
437 2618 599 2694 legionem3
621 2616 742 2673 Catonis
756 2635 870 2692 quoque

77 2712 177 2785 lilium,
193 2713 244 2789 qui
265 2713 296 2770 in
317 2712 419 2793 elidem
439 2713 557 2790 legione
581 2713 733 2784 militabat,
752 2713 868 2770 dimisit.
885 2722 917 2769 ab

79 2810 134 2867 Sed
149 2830 229 2881 eum,
246 2826 344 2867 amore
357 2810 518 2887 pugnandi,
532 2810 562 2868 in
577 2809 704 2867 exercitu
720 2810 870 2867 remansis·

79 2918 129 2978 set,
139 2906 218 2964 Cato
228 2906 264 2964 ad
275 2906 450 2982 Pompilium
462 2907 587 2993 scripsit,
597 2916 638 2979 ut,
648 2906 672 2963 si
683 2925 749 2964 eum
759 2916 869 2980 patere·

72 3011 124 3067 ,tur
137 3003 168 3062 in
183 3003 315 3062 exercitu
328 3022 488 3077 remanere,
503 3004 636 3063 secundo·
646 2990 712 3062 eum
727 3002 868 3080 obligaret
