2200 3492
83 222 113 268 a.
124 223 170 282 m]
379 224 423 271 nn
441 223 588 272 ormena.
885 211 925 271 99

82 391 142 451 que
164 392 196 431 m
216 393 271 432 usu
291 384 321 431 et
340 372 513 432 tractatione
533 373 704 445 belluarum,
718 371 791 430 fiunt
804 371 881 430 utili·

82 482 128 529 ter
158 471 196 529 ad
223 471 374 529 hominum
396 471 494 544 vitam,
517 471 627 530 artibus
653 490 689 529 ea
714 469 879 528 tribuuntur

82 568 235 645 operosis:
259 569 408 628 hominum
430 579 527 626 autem
546 568 652 640 studia,
668 567 702 625 ad
725 567 879 644 amplifica·

80 667 198 723 tionem
225 675 387 723 nostrarum
421 684 517 723 rerum
549 675 681 742 prompta
708 678 743 723 ac
768 673 877 742 parata,

82 761 212 819 virorum
233 761 429 841 prestantium
450 761 592 837 sapientid
615 772 645 819 et
673 761 775 818 virtute
802 759 908 818 enci-5

81 869 192 917 tantur.
562 848 565 866 ¹
648 867 651 870 ⁴

124 955 245 1013 Etenim
272 956 362 1015 virtus
394 957 489 1015 omnis
521 957 614 1014 tribus
638 956 672 1035 in
698 957 785 1015 rebus
818 956 878 1015 iere

81 1052 224 1124 vertitu13
248 1072 368 1128 quarum
388 1073 448 1111 una
466 1063 511 1111 est
531 1053 562 1111 in
581 1052 794 1129 perspiciendo,
808 1053 878 1130 quid

83 1151 117 1208 in
146 1150 263 1225 quique
296 1169 328 1208 re
360 1158 460 1208 verum
492 1149 696 1226 sincerumque
728 1150 775 1223 sit,
809 1150 878 1228 quid

84 1257 315 1306 consentaneum
336 1247 452 1323 cuique,
466 1247 535 1323 quid
556 1265 745 1323 consequens,
765 1267 800 1305 ex
820 1266 877 1324 quo
892 1251 923 1301 1⁰

83 1364 206 1422 quaeque
226 1344 392 1422 gignantur,
411 1364 474 1420 quae
496 1344 635 1421 cujusque
655 1344 698 1401 rei
717 1364 806 1402 causa
823 1343 876 1414 sit;

86 1441 220 1514 alterum,
242 1438 378 1505 cohibere
405 1452 500 1500 motus
528 1442 616 1499 animi
641 1441 781 1513 turbatos,
805 1459 878 1516 quoa

17 1544 18 1549 ’
83 1539 184 1598 Graecl
211 1537 295 1608 Πάθη
321 1531 488 1609 nominant;
523 1538 779 1615 appetitionesque,
807 1555 878 1611 quus

85 1636 127 1693 illi
150 1637 267 1708 Ὀρμάς,
281 1635 449 1693 obedientes
469 1636 585 1694 efficere
606 1633 727 1704 rationi;
749 1632 876 1705 tertium,

86 1731 131 1803 iis,
154 1732 328 1807 quibuscum
355 1749 576 1808 congregamur,
604 1728 647 1787 uti
673 1729 820 1787 moderate
847 1739 876 1788 et
893 1731 923 1780 15

84 1828 222 1900 scienter,
244 1845 366 1902 quorum
394 1827 496 1884 studiis
518 1845 563 1898 ea,
584 1846 647 1902 quae
673 1838 776 1883 natura
802 1825 876 1883 desi-

85 1925 176 1995 derat,
191 1924 306 1999 expleta
325 1924 528 1999 cumulataque
543 1923 715 1994 habeamus;
743 1942 794 1999 per
814 1942 876 1980 eos·

17 2028 19 2075 3
84 2021 220 2095 demque,
242 2019 355 2096 siquid
379 2012 549 2096 importetur
576 2019 661 2077 nobis
687 2019 875 2091 incommodi,

17 2176 18 2181 χ
85 2118 296 2194 propulsemus,
331 2116 561 2192 ulciscamurque
594 2135 654 2188 eos,
687 2116 736 2192 qui
769 2134 876 2173 nocere

85 2213 170 2271 nobis
197 2213 296 2271 conati
323 2212 390 2284 sint,
417 2212 556 2287 tantique
587 2213 674 2288 poenai
707 2210 875 2283 afficiamus,
892 2224 924 2272 20

17 2296 19 2391 ξ
85 2319 222 2385 quantam
238 2309 356 2385 aequitas
370 2309 735 2385 humanitasquepatiatur.

111 2503 177 2562 vl.
198 2503 319 2565 Quibus
338 2514 433 2562 autem
447 2504 607 2562 rationibus
620 2504 697 2561 hano
712 2503 876 2561 facultatem

17 2616 19 2619 ·
86 2601 199 2677 assequi
214 2600 368 2677 possimus,
383 2615 415 2658 ut
431 2601 580 2659 hominum
595 2601 689 2659 studia
703 2592 877 2678 complecta·
917 2676 919 2683 Ι

87 2716 160 2768 mur,
174 2716 267 2774 eaque
280 2707 440 2770 teneamus,
455 2699 587 2755 dicemus
595 2719 602 2769 ;
623 2718 718 2774 neque
732 2699 773 2757 ita
786 2700 876 2759 multo

86 2803 168 2869 post:
196 2794 249 2851 sed
268 2813 364 2870 pauca
384 2805 450 2852 ante
471 2795 595 2853 dicenda
615 2806 689 2854 sunt.
738 2795 876 2873 Magnam
893 2810 925 2858 ab

17 2892 18 2953 ἒ
87 2890 145 2947 vim
170 2909 235 2948 esse
256 2890 286 2948 in
315 2890 430 2949 fortuni
457 2891 488 2949 in
516 2902 664 2968 utramque
691 2902 811 2970 partem,
832 2891 877 2948 vel

85 2986 230 3045 secundas
245 2988 280 3046 ad
294 3004 341 3045 res
354 2987 398 3046 vel
414 2988 556 3062 adversas,
571 2989 635 3065 quis
656 2989 787 3067 ignorati
811 3005 877 3044 nam
