2200 3492
154 187 195 248 88
492 196 537 244 nn
553 196 700 244 omens.
933 192 979 254 [n.
990 191 1010 239 1.

241 346 335 405 XLV.
356 346 434 404 Illud
449 346 570 405 forsitan
584 345 773 422 querendum
786 344 834 418 sit,
848 363 925 402 num
941 344 1010 401 ineo

202 444 404 516 communitas,
426 463 490 521 quse
514 444 639 503 maxime
662 453 708 503 est
728 453 795 519 apta
817 453 947 515 naturae,
970 441 1011 499 sit

200 542 288 601 etium
323 541 515 623 moderationi
545 541 753 616 modesteque
780 559 892 617 semper
925 548 1012 596 unte-

202 639 344 717 ponende.
399 638 469 696 Non
496 639 601 719 placet.
657 639 733 696 Sunt
759 638 838 695 enim
865 637 1011 712 quaedsm

174 735 307 812 5partim
328 736 375 794 its
389 735 474 808 feda,
494 736 601 812 partim
620 735 663 793 ite
682 735 835 812 flagitiosa,
850 745 883 792 ut
902 753 955 806 ea,
970 751 1011 792 ne

204 833 407 891 conservandae
428 833 544 908 quidem
564 833 665 909 putriae
685 832 785 903 cause,
804 831 925 906 sapiens
949 831 1011 888 lae·

203 938 286 986 turus
299 929 344 987 sit.
388 928 432 986 Ea
445 928 621 987 Posidonius
641 928 760 1005 collegit
780 928 939 1004 permulta,
957 925 1011 985 sed

205 1027 246 1085 itu
265 1036 339 1084 tetra
359 1027 500 1102 quaedam,
515 1026 558 1087 ita
576 1027 725 1096 ubseoena,
740 1036 772 1083 ut
786 1025 867 1082 dictu
885 1042 1010 1101 quoque

204 1125 355 1183 videantur
389 1124 492 1199 turpia„
547 1122 623 1181 Haee
650 1123 739 1201 igitur
767 1141 827 1180 non
861 1121 1012 1198 suscipiet

162 1231 192 1281 10
205 1221 371 1298 reipublieae
393 1220 498 1291 oeus&
526 1239 565 1277 ne
591 1239 638 1278 res
665 1220 782 1296 quidem
808 1219 932 1296 publiea
954 1235 1010 1294 pro

206 1337 237 1376 se
258 1318 366 1395 suseipi
390 1319 474 1376 volet.
517 1318 577 1375 Sed
604 1318 661 1375 hoe
688 1317 870 1375 commodius
897 1337 932 1375 se
962 1334 1011 1373 res

207 1415 303 1488 habet,
331 1415 407 1491 quod
441 1434 500 1473 non
533 1425 629 1495 potest
657 1414 791 1473 accidere
817 1425 946 1490 tempus,
977 1399 1015 1470 ut¹

208 1513 320 1572 intersit
354 1512 531 1590 reipublice,
564 1512 722 1589 quidquam
756 1511 871 1571 illorum
905 1511 1028 1569 faeere·

207 1611 376 1687 sapientem.
622 1614 623 1617 ’

162 1709 195 1759 15
246 1707 350 1768 Quare
377 1706 433 1763 hoe
460 1706 577 1781 quidem
604 1706 741 1763 effeetum
767 1706 815 1778 sit,
840 1705 870 1762 in
898 1704 1028 1767 officiis

208 1803 371 1879 deligendis
392 1802 421 1858 id
442 1821 535 1878 genus
561 1803 722 1860 officiorum
749 1803 902 1875 excellere,
928 1801 1008 1880 qnod

207 1908 339 1971 teneatur
362 1898 516 1956 hominum
541 1899 698 1958 suoietute:
726 1900 834 1958 etenim
862 1900 1027 1978 cognitio-¹

208 2012 275 2053 nem
295 1994 536 2070 prudentiamque
556 1995 687 2070 sequitur
711 1996 894 2054 considerata
916 1997 1006 2055 aetio.
1026 2016 1027 2021 ¹

208 2090 254 2153 Ita
281 2090 322 2163 fit,
344 2098 376 2148 ut
405 2110 491 2168 egere
518 2091 699 2150 considerate
724 2092 816 2168 pluris
841 2093 889 2164 sit,
917 2111 1008 2169 quam

164 2201 197 2251 20
210 2189 338 2267 cogitare
362 2188 527 2265 prudenter.
577 2189 675 2265 Atque
703 2189 766 2246 hee
792 2189 910 2264 quidem
938 2192 1008 2248 hae·

210 2296 310 2345 tenus:
338 2286 499 2362 patefactus
519 2296 563 2343 est
590 2287 668 2342 enim
692 2285 775 2343 loeus
795 2286 866 2361 ipse,
888 2297 920 2344 ut
948 2305 1008 2345 non

211 2383 248 2440 sit
268 2382 397 2454 difficile,
418 2382 451 2440 in
470 2381 650 2457 exquirendo
673 2382 781 2453 officio,
802 2383 871 2457 quid
900 2384 1008 2460 cuique

212 2480 249 2536 sit
269 2479 505 2555 premendum,
520 2478 627 2536 videre.
669 2476 705 2535 In
725 2478 789 2554 ipsi
810 2490 905 2537 autem
928 2498 1009 2538 eom·

212 2575 353 2635 mum'tate
367 2585 435 2633 sunt
448 2575 555 2652 gradus
569 2575 742 2647 officiorum,
757 2577 921 2651 exquibus,
937 2575 1007 2653 quid
1024 2608 1027 2617 ι

168 2685 199 2735 25
213 2671 318 2746 cuique
338 2681 463 2746 praestet,
484 2671 608 2749 intelligi
627 2672 735 2749 possit:
763 2683 795 2729 ut
820 2673 916 2748 prima
941 2673 1008 2731 Diis

213 2766 434 2839 immortalibus
449 2767 579 2825 secunda
597 2768 706 2845 patrie,
723 2769 809 2828 tertia
828 2770 1005 2846 parentibus,

214 2865 352 2943 deinceps
372 2864 514 2945 gradatim
534 2865 664 2943 reliquis,
679 2868 861 2927 debeantur.v
887 2868 1007 2931 Quibus
1024 2885 1029 2897 ’
