2200 3492
161 190 217 250 16⁰
493 200 536 247 nu
558 200 704 249 cencris.
900 199 997 260 [urm

242 347 280 405 X.
301 346 440 406 Incidunt
459 367 535 425 supe
555 348 653 406 multer
673 366 778 419 causae,
793 366 859 423 quae
879 358 997 406 coutur-

203 445 272 501 bent
299 445 411 502 animos
437 445 570 503 utilitatis
596 444 710 520 specie;
745 463 815 517 non,
841 463 908 501 oum
936 444 997 502 hoo

203 541 388 614 deliberetur,
410 542 637 618 relinquendane
658 541 695 599 sit
717 541 853 599 honestas
876 551 995 617 propter

199 636 335 695 utilitatis
356 637 585 714 magnitudinem
604 636 684 716 (nam
703 637 732 694 id
752 637 869 711 quidem
889 638 995 715 impro-

173 733 272 792 5bum
299 735 374 813 est);
409 734 460 790 sed
487 733 569 805 illud,
595 732 722 810 possitne
750 735 790 807 id,
818 734 895 810 quod
922 734 995 792 utile

203 830 343 901 videatur,
370 830 433 888 fieri
466 849 525 887 nou
551 830 679 906 turpiter.
735 829 812 888 Cum
845 830 994 888 Collatino

204 926 322 1003 collegae
356 927 463 985 Brutus
496 925 646 1003 imperium
682 927 848 1003 abrogabat,
879 936 995 1003 poterat

203 1023 293 1081 videri
315 1024 411 1082 facere
425 1023 455 1080 id
468 1022 590 1099 injuste:
613 1023 706 1080 suerat
725 1023 814 1096 enim,
829 1023 859 1081 in
875 1024 995 1100 regibus

204 1120 391 1195 expellendis,
424 1119 521 1178 socius
556 1119 648 1190 Bruti,
683 1120 871 1178 consiliorum
905 1120 994 1177 etiam

161 1225 190 1276 ld
204 1215 324 1293 adjutor.
378 1216 455 1273 Cum
480 1225 575 1273 autem
596 1216 751 1274 consilium
771 1215 828 1273 hoc
847 1217 995 1293 principes

203 1313 356 1387 cepissent,
370 1312 574 1390 cognationem
593 1313 726 1389 Superbi,
741 1331 904 1388 nomenque
919 1313 995 1371 Tar·

204 1407 377 1484 quiniorum,
391 1418 420 1466 et
440 1409 606 1466 memoriam
626 1404 719 1486 regui,
733 1428 797 1466 esse
817 1410 999 1480 tollendam:

204 1504 281 1580 quod
306 1515 369 1563 erat
391 1505 474 1576 utile,
496 1505 595 1580 patriae
622 1505 784 1576 consulere,
808 1503 837 1562 id
865 1515 926 1564 erat
953 1506 995 1564 ita

204 1600 368 1673 honestum,
383 1610 415 1658 ut
428 1601 516 1659 etiam
536 1601 592 1677 ipsi
612 1600 758 1658 Collatino
777 1601 894 1677 placere
908 1602 995 1659 debe-

159 1701 189 1750 15
204 1707 255 1754 ret.
299 1695 400 1771 Itaque
421 1697 528 1755 utilitas
548 1696 638 1754 valuit
657 1706 772 1772 propter
794 1697 992 1769 honestatem3

204 1791 267 1849 sine
287 1791 344 1867 qua
364 1809 402 1848 ne
422 1792 530 1851 utilitas
550 1775 667 1867 quidem
684 1810 747 1849 esse
759 1793 910 1867 potuisset.
951 1793 994 1850 At

204 1887 233 1944 in
254 1906 290 1945 eu
308 1905 388 1964 rege,
402 1886 452 1961 qui
472 1888 572 1945 urbem
593 1887 734 1959 condidit,
753 1907 811 1946 non
831 1889 880 1946 ita.
923 1890 993 1966 Spe-

204 1982 264 2045 cies
290 1983 368 2040 enim
395 1983 526 2041 utilitatis
553 1983 681 2041 animum
703 1984 813 2060 pepulit
837 1985 915 2063 ejus3
944 1987 993 2044 cui

204 2096 271 2136 cum
284 2079 377 2137 visum
393 2089 469 2151 esset
489 2080 599 2153 utilius,
613 2080 705 2137 solum
720 2099 805 2156 quam
820 2100 888 2139 cum
902 2082 994 2140 altero

157 2180 189 2232 20
203 2194 334 2252 regnare,
349 2175 464 2233 fratrem
480 2176 634 2236 interemit.
675 2174 782 2235 Omisit
798 2177 848 2234 hio
861 2189 890 2235 et
903 2178 994 2256 pieta-

203 2279 262 2328 tem
276 2281 305 2329 et
318 2271 536 2344 humanitatem,
550 2284 582 2330 ut
602 2273 642 2344 id,
657 2273 733 2348 quod
747 2272 817 2333 utile
832 2274 992 2348 videbatur,

203 2387 297 2443 neque
316 2378 387 2441 erat,
402 2369 515 2445 assequi
534 2381 646 2449 posset:
666 2379 695 2427 et
715 2379 812 2427 tamen
832 2372 907 2429 muri
926 2391 995 2430 cau·

203 2482 263 2521 sam
284 2466 428 2541 opposuit,
449 2466 576 2541 speciem
597 2466 754 2524 honestatis
777 2486 871 2542 neque
888 2470 994 2543 proba·

203 2559 290 2617 bilem
317 2580 411 2637 neque
436 2562 505 2620 satis
532 2561 674 2621 idoneam.
729 2558 866 2622 Peccavit
893 2564 991 2642 igitur,

156 2663 190 2715 ὓ
202 2674 282 2744 pace.
288 2655 332 2714 vel
345 2656 475 2729 Quirini,
489 2657 533 2714 vel
548 2657 678 2730 Romuli,
693 2657 824 2718 dixerim.

241 2751 308 2810 Nec
327 2762 423 2810 tamen
445 2746 552 2821 nostrae
570 2754 655 2811 nobis
673 2754 811 2819 utilitates
824 2757 992 2817 omittendae

202 2858 279 2922 sunt,
301 2849 420 2924 aliisque
439 2849 596 2922 tradendae,
618 2851 751 2908 cumbis
775 2852 830 2928 ipsi
854 2872 995 2929 egemus:

202 2946 254 3005 sed
274 2965 333 3005 sure
355 2945 459 3021 cuique
481 2945 608 3019 utilitati,
628 2947 705 3023 quod
728 2948 791 3005 sine
813 2948 930 3007 alterius
948 2949 991 3008 in·
