2200 3492
170 189 228 253 ιω
503 204 548 250 nn
570 204 716 251 osricus.
927 202 967 262 [n.
978 201 1011 247 11.
1078 196 1079 231 ³

215 351 293 424 bant,
310 362 340 410 et
360 370 460 409 eorum
482 352 531 428 qui
552 372 605 410 sua
625 352 795 411 amiserant:
816 350 1009 428 perfecitque,

215 448 390 507 aestimandis
409 450 650 525 possessionibus,
672 459 704 507 ut
724 450 912 526 persuaderet
935 448 1008 520 aliis,

215 555 247 603 ut
272 545 427 621 pecuniam
455 546 589 622 aeeipere
620 547 748 617 mallent,
776 545 1009 621 possessionibus

216 642 369 713 oederent3
392 642 465 714 aliis,
487 652 520 700 ut
540 643 723 700 commodius
742 653 887 718 putarent,
910 659 1011 698 nume-

185 739 273 796 5rari
293 738 358 809 sibi,
379 740 456 814 quod
477 740 550 798 tanti
571 748 656 811 esset,
677 758 763 814 quam
784 757 870 796 suum
892 757 1011 814 reeupe-

215 855 288 897 rare.
330 836 376 894 Ita
401 836 562 913 perfeetum
588 847 643 909 est,
664 846 696 893 ut
717 855 829 908 omnes,
851 835 1011 894 concordii

216 934 385 1006 constituta,
399 933 463 993 sine
476 933 594 1009 quereli
608 934 799 992 diseederent.

254 1030 283 1088 Ο
304 1031 395 1089 virum
416 1048 563 1108 magnum,
578 1028 766 1113 dignumque,
788 1029 890 1104 quiin
911 1030 1012 1087 nostri

217 1128 366 1204 republica
386 1137 470 1185 natus
492 1129 584 1185 esset!
626 1127 678 1184 Sie
697 1116 748 1204 par
768 1137 813 1185 est
834 1146 922 1204 agere
944 1146 1013 1184 eum

172 1226 203 1276 10
217 1224 338 1295 civibus,
353 1242 413 1283 non
428 1222 474 1301 (nt
487 1224 532 1281 bis
548 1224 610 1300 jam
623 1223 761 1303 vidimus)
776 1224 888 1280 hastam
902 1224 935 1280 in
950 1223 1014 1280 foro

216 1338 335 1397 ponere,
349 1330 379 1378 et
393 1321 470 1379 bona
489 1320 596 1379 eivium
611 1320 676 1378 vooi
697 1321 841 1397 subjicere
856 1321 1012 1396 praeconis.

217 1418 259 1477 At
279 1417 327 1476 ille
347 1418 468 1476 Graeeus
488 1417 543 1494 (id,
558 1418 636 1494 quod
657 1418 711 1476 fuit
731 1417 870 1494 sapientis
891 1428 921 1474 et
942 1411 1024 1494 prae-¹

218 1515 320 1575 stantis
341 1515 407 1595 viri)
429 1515 564 1574 omnibus
583 1515 795 1572 consulendum
814 1515 945 1591 putavit:
968 1534 1015 1573 ea·

219 1631 275 1689 que
301 1621 345 1670 est
371 1632 483 1673 summa
499 1611 583 1670 ratio
608 1622 638 1669 et
664 1611 807 1687 sapientia
829 1612 899 1669 boni
929 1612 1014 1684 civis,
1078 1660 1079 1669 ,

174 1711 205 1761 15
219 1709 373 1769 commoda
399 1709 504 1766 civium
536 1728 596 1765 non
624 1708 769 1781 divellere,
798 1720 882 1784 atque
909 1728 1015 1768 omnes

219 1806 353 1885 aequitate
379 1805 482 1862 eidem
506 1804 665 1863 continere.
707 1805 849 1863 Habitant
869 1807 963 1882 gratis
984 1808 1014 1865 in

220 1902 323 1960 alieno.
363 1901 446 1981 Quid
464 1901 524 1958 itai
565 1896 614 1974 Ut,
629 1921 697 1959 oum
710 1920 766 1978 ego
779 1903 909 1975 emerim,
926 1904 1015 1961 aedifi·

220 1997 321 2069 sirim,
342 2007 434 2071 tuear,
455 1997 631 2074 impendam,
652 2009 694 2070 tu,
714 2017 762 2056 me
789 1999 889 2070 invito,
916 2000 1015 2059 fruare

220 2095 304 2153 meoi
344 2095 428 2156 Quid
454 2106 498 2152 est
526 2094 614 2167 aliud,
636 2095 700 2152 aliis
726 2114 780 2153 sua
802 2096 924 2171 eripere,
951 2098 1015 2155 aliis

174 2198 206 2248 2⁰
220 2193 289 2250 dare
310 2192 422 2250 alienat
464 2190 587 2260 Tabulae
608 2211 676 2249 vero
698 2211 780 2250 novae
806 2193 876 2267 quid
904 2194 1015 2251 habent

219 2290 391 2368 argumenti,
406 2289 473 2360 nisi,
488 2299 520 2347 ut
540 2309 620 2346 emas
639 2291 705 2347 meai
724 2290 850 2366 peeunii
871 2290 1013 2360 fundum

218 2406 286 2445 eum
299 2398 331 2446 tu
344 2387 462 2459 habeas,
477 2406 533 2464 ego
546 2405 606 2443 non
620 2386 743 2444 habeam
755 2386 933 2462 pecuniam?

259 2579 373 2638 XXIV.
394 2580 605 2647 Quamobrem,
620 2599 658 2637 ne
671 2580 708 2637 sit
727 2598 765 2638 aes
786 2579 912 2637 alienum
935 2581 1013 2655 quod

220 2673 388 2751 reipublicae
407 2686 520 2747 noceat,
534 2674 746 2751 providendum
765 2684 824 2746 est;
846 2676 925 2751 qnod
942 2677 1014 2734 mirl-

176 2772 258 2834 25tis
277 2764 437 2833 rationibus
463 2772 562 2829 naveri
587 2783 697 2848 potest3
725 2791 795 2844 non,
816 2771 841 2828 si
863 2771 961 2844 fuerit,
982 2785 1014 2830 ut

219 2868 377 2949 locupletes
411 2886 495 2924 suum
521 2871 653 2944 perdant,
681 2870 828 2926 debitores
861 2868 1012 2927 lucrentur

192 3042 193 3053 ἵ
222 2967 365 3025 alienum:
393 2983 448 3022 nee
476 2965 553 3023 enim
575 2966 698 3025 uliares
719 2966 920 3024 vehementius
941 2983 1013 3024 rem·
