2200 3492
75 192 102 243 a.
113 195 160 256 n]
362 196 405 243 na
424 197 571 245 cericus.
873 183 923 244 93‘

76 348 202 406 siderate
228 347 419 423 loquentium,
447 359 532 424 atque
559 348 590 405 in
617 346 749 405 maximis
781 347 867 405 rebus

76 444 244 502 errantium.
292 444 325 502 Si
347 456 442 502 autem
461 455 505 502 est
527 444 622 520 aliqua
641 444 794 520 disciplina
812 445 867 501 vir·

75 542 153 614 tutis,
179 542 233 598 ubi
260 561 296 599 ea
322 552 473 617 quaeretur,
498 560 566 598 cum
594 542 630 598 ab
654 541 711 598 hoc
734 540 866 599 discendi

74 657 181 715 genere
198 639 390 701 ,discesserisl
432 639 491 696 Sed
512 638 584 710 haec,
599 657 666 695 curn
688 639 723 696 ad
744 639 867 714 philoso-

21 724 23 799 ἰ
73 732 170 810 phiarn
194 735 389 806 cohortamur,
412 735 576 793 accuratius
596 735 734 811 disputari
755 736 897 794 solent:5

21 802 23 927 l
74 833 150 906 quod
173 832 232 891 alio
253 832 376 908 quodam
403 831 476 889 libro
503 828 636 907 fecimus,
674 832 742 889 Hoc
770 843 866 890 autem

21 934 23 969 l
73 939 205 1005 tempore
231 939 345 986 tantum
372 929 456 989 nobis
484 929 688 987 declarandum
716 929 780 1000 suit,
803 948 865 1001 cur,

21 1014 23 1073 f
74 1024 165 1082 orbati
188 1025 357 1100 reipublice
383 1024 559 1097 muneribus,
582 1026 616 1082 ad
645 1026 701 1083 hoc
728 1044 781 1082 nos
808 1035 878 1113 stu-U

21 1076 23 1145 l
74 1120 151 1178 dium
167 1122 352 1197 potissimum
367 1121 597 1179 contulissemus.
662 1172 666 1177 .

111 1217 289 1274 Occurritur
316 1224 410 1274 autem
435 1217 529 1289 nobis,
549 1228 579 1275 et
600 1217 716 1292 quidem
737 1237 754 1276 a
773 1218 866 1276 doctis
881 1223 912 1273 10

21 1338 23 1369 l
76 1324 103 1372 et
122 1313 258 1386 eruditis,
279 1314 483 1407 quarentibus,
503 1315 612 1372 satisne
636 1325 801 1372 constanter
825 1315 867 1374 sa·

21 1408 23 1481 ξ
76 1429 141 1468 cere
169 1411 329 1482 videamur,
355 1410 415 1485 qui,
443 1429 509 1468 cum
543 1410 654 1487 percipi
684 1411 757 1468 nihil
782 1431 867 1487 posse

21 1548 22 1551 ,
76 1507 217 1578 dicamus,
233 1518 331 1565 tamen
345 1519 375 1564 et
387 1507 451 1564 aliis
464 1509 501 1564 de
515 1509 602 1565 rebus
617 1507 757 1564 disserere
777 1508 868 1566 solea·

21 1592 23 1671 ,
76 1622 148 1675 mus,
163 1614 194 1661 et
208 1606 265 1661 hoc
280 1603 343 1679 ipso
356 1613 483 1680 tempore
501 1614 646 1680 praecepta
665 1603 752 1661 offleii
771 1621 868 1680 perse-

77 1720 204 1776 quamur.
259 1700 391 1786 Quibus*
406 1701 507 1759 vellem
534 1700 605 1782 satis
638 1701 756 1778 cognita
791 1705 913 1759 esserto

78 1809 174 1855 nostra
194 1797 356 1855 sententia:
384 1816 443 1855 non
470 1798 548 1855 enim
573 1816 672 1856 snmus
692 1797 723 1870 ii,
744 1816 867 1875 quorum

21 1904 22 1909 ’
78 1907 193 1971 vagetur
229 1894 343 1951 animus
369 1913 476 1966 errore,
502 1913 560 1952 nec
593 1894 698 1953 habeat
730 1915 866 1971 unquam,

78 1992 149 2066 quod
170 2001 318 2067 sequatur.
357 1991 434 2053 Quae
455 1992 532 2050 enim
553 2002 629 2050 esset
648 1992 704 2049 ista
717 2011 807 2065 mens,
821 1993 866 2051 vel

80 2107 138 2162 quie
152 2089 213 2147 vita
226 2088 331 2165 potius,
346 2107 405 2145 non
424 2088 512 2145 modo
525 2088 700 2164 disputandi,
715 2090 866 2147 sedetiam

80 2183 199 2255 vivendi,
216 2185 327 2242 ratione
339 2184 474 2242 sublatdl
515 2184 579 2242 Nos
595 2197 700 2257 autem,
714 2195 745 2242 ut
759 2185 867 2255 crateri,
881 2189 914 2240 20

81 2280 133 2339 alia
151 2292 245 2353 certa,
266 2281 324 2339 alia
342 2281 455 2339 incerta
475 2301 538 2340 esse
558 2282 676 2351 dicunt;
697 2282 750 2352 sic,
766 2282 802 2338 ab
822 2280 867 2338 his

81 2376 292 2448 dissentientes,
314 2377 370 2435 alia
395 2378 565 2454 probabilia,
593 2384 702 2449 contra,
728 2377 783 2434 alia
809 2397 867 2435 non

80 2475 245 2548 probabilia,
260 2492 323 2531 asse
338 2474 469 2532 dicimus.
510 2474 595 2535 Quid
614 2484 658 2531 est
678 2473 774 2549 igitur,
789 2473 866 2549 quod

21 2586 23 2627 ῑ
81 2588 120 2628 me
134 2570 286 2647 impediat,
301 2589 346 2642 ea,
360 2590 422 2645 quae
443 2570 513 2628 mihi
534 2569 693 2646 probabilia
706 2571 866 2644 videantur,

81 2668 173 2743 sequi;
196 2687 261 2742 quae
282 2679 391 2739 contra,
411 2667 589 2742 improbare;
612 2677 705 2741 atque,
723 2668 867 2725 affirman·
881 2679 914 2727 25

82 2762 106 2820 di
132 2764 327 2841 arrogantiam
358 2764 505 2835 vitantem,
534 2764 633 2840 sugere
666 2765 865 2836 temeritatem,

82 2876 139 2937 qne
167 2880 185 2919 a
211 2859 352 2937 sapientia
379 2860 499 2918 dissidet
526 2860 702 2936 plurimuml
756 2861 867 2918 Contra

21 2956 22 3007 l
83 2966 173 3019 autem
200 2956 300 3016 omnia
326 2956 485 3034 disputatur
513 2976 530 3014 a
557 2958 678 3030 nostris3
706 2956 783 3032 quod
809 2953 895 3013 hoc·
