2200 3492
80 221 111 271 ι.
123 223 174 285 n]
373 224 416 270 ns
436 223 582 271 oenone.
886 212 926 272 9⁵

81 373 254 445 honestum,
276 372 354 429 idem
377 371 504 449 justum:
535 391 572 431 ex
594 390 653 448 quo
679 370 814 442 efficitur,
838 380 880 442 ut,

80 469 229 546 quidquid
253 470 406 526 honestum
429 469 477 542 sit,
502 468 580 526 idem
603 468 642 526 sit
662 468 743 526 utile.
788 467 881 529 Quod

80 567 131 643 qui
154 560 262 642 parum
283 565 472 642 perspiciunt,
487 565 518 623 hi
539 585 626 642 sepe,
640 574 771 624 versutos
790 564 881 625 homi·

14 696 15 741 3
80 682 135 723 nes
149 674 182 721 et
203 663 327 721 callidos
348 663 533 735 admirantes,
548 663 687 721 malitiam
709 663 880 739 sapientiem

78 757 228 834 judicant
270 758 407 819 Quomm
420 776 501 815 eruor
522 757 689 833 eripiendus
701 768 754 829 est,
769 757 910 834 opinio-5

14 882 16 939 5
80 873 139 930 que
161 854 261 913 omnis
276 854 311 913 ad
326 874 389 912 eam
404 873 484 931 spem
501 854 690 928 tpaduoenda,
706 867 738 913 ut
750 854 880 912 honestis

14 968 15 995 ³
79 951 219 1011 consiliis
237 951 379 1028 justisque
400 951 493 1023 sactis,
508 971 568 1010 non
589 951 689 1011 fraude
709 961 739 1008 et
758 952 879 1025 malitie,

14 1056 16 1101 t
79 1067 112 1107 se
126 1048 298 1125 intelligant
311 1067 357 1119 ea,
371 1067 435 1123 qum
450 1049 549 1120 velint,
564 1049 701 1125 consequi
716 1067 809 1124 posse.

14 1158 15 1183 ¹
118 1146 203 1208 Quas
223 1164 295 1222 ergo
310 1144 447 1205 advitam
467 1146 617 1202 hominum
637 1144 774 1204 tuendam
793 1132 880 1221 perti³

14 1262 16 1307 t
80 1252 166 1314 nent,
180 1242 290 1318 partim
309 1251 376 1299 suut
392 1242 530 1314 inanima,
545 1254 577 1300 ut
591 1262 702 1314 aurum,
718 1254 878 1320 argentum,
894 1254 925 1303 lt

14 1346 16 1401 ἑ
82 1348 117 1397 ut
134 1358 184 1410 ea,
202 1357 268 1414 quae
292 1337 449 1416 gignuntur
470 1358 488 1395 e
509 1338 597 1411 terri,
619 1349 652 1397 ut
674 1339 730 1397 alia
751 1340 880 1415 ejusdem

82 1435 220 1515 generis3
242 1435 346 1512 partim
369 1436 513 1507 animalia,
528 1455 592 1511 qum
612 1435 719 1493 habeut
739 1456 807 1493 suos
827 1436 880 1493 im·

14 1546 16 1605 ζ
80 1542 182 1608 petus,
204 1544 235 1589 et
257 1550 354 1589 rerum
379 1532 529 1608 appetitus.
571 1533 681 1590 Eorum
704 1542 799 1590 autem
824 1532 880 1591 alia

14 1662 16 1709 7
82 1629 209 1687 rationis
247 1629 376 1704 expertia
410 1638 488 1701 sunt,
524 1629 582 1690 alia
613 1629 726 1689 ratione
759 1628 878 1686 utentia

14 1714 16 1805 ξ
83 1725 230 1802 Expertes
250 1725 381 1811 rationis,
400 1726 477 1802 equi,
492 1727 590 1798 boves,
605 1726 721 1801 reliquae
741 1726 878 1802 paoudes,
894 1735 925 1784 15

14 1810 16 1843 ⁸
84 1841 166 1899 spes,
182 1841 303 1897 quarum
318 1841 406 1899 opere
419 1823 542 1881 efficitur
557 1823 665 1898 aliquid
680 1824 715 1881 ad
730 1824 879 1881 hominum

83 1908 183 1976 usum
201 1928 287 1994 atque
314 1919 409 1977 vitam.
456 1920 585 1979 Ratione
613 1935 708 1979 autem
736 1921 879 1978 utentium

83 2015 144 2074 duo
158 2034 271 2092 genera
282 2027 429 2091 ponuntur
435 2037 443 2087 3
465 2036 566 2088 unum,
581 2017 724 2088 Deorum3
747 2019 878 2090 alterum,

85 2111 248 2169 hominum.
290 2111 370 2170 Deos
388 2112 517 2188 placatos
530 2113 622 2189 pietas
635 2114 741 2172 efficiet
754 2124 784 2171 et
797 2134 880 2172 sano·

85 2208 172 2265 titas:
193 2207 325 2284 proxime
346 2219 452 2281 autem,
467 2220 496 2267 et
510 2210 670 2269 secundum
684 2210 773 2283 Deos,
788 2211 879 2268 homi·
892 2223 924 2272 2⁰

86 2324 139 2362 nes
174 2304 342 2363 homiuibus
375 2307 499 2377 maxime
537 2306 623 2365 utiles
655 2326 720 2364 esse
751 2317 877 2384 possunt.

86 2399 256 2478 Earumque
276 2421 382 2475 rerum,
396 2422 458 2478 quae
474 2401 643 2467 noceantet
656 2403 762 2474 obsint,
777 2402 879 2463 eadem

88 2497 192 2555 divisio
206 2508 259 2555 est.
302 2498 371 2571 Sed,
385 2500 453 2574 quia
466 2499 546 2557 Deos
561 2518 668 2558 nocere
688 2519 746 2557 non
766 2511 878 2576 putant,

14 2612 16 2651 5
88 2593 133 2652 his
156 2595 296 2670 exceptis,
321 2595 453 2655 homines
478 2597 644 2655 hominibus
667 2598 769 2655 obesse
792 2598 879 2678 piuri-

89 2709 178 2764 mum,
192 2692 238 2749 vel
259 2692 403 2766 prodesse,
417 2694 601 2769 arbitrantur.
643 2693 688 2751 Ea
708 2694 784 2752 enim
806 2695 878 2770 ipsa,
892 2711 924 2761 25

90 2805 152 2862 quae
173 2789 303 2847 inanima
321 2789 457 2862 diximus,
477 2791 613 2867 pleraque
640 2802 708 2849 sunt
729 2791 878 2851 hominum

90 2884 183 2962 operis
204 2885 318 2959 effecta,
333 2906 397 2963 quas
419 2906 475 2946 nee
497 2889 677 2963 haberemus,
700 2888 754 2946 nisi
778 2907 879 2945 manus

91 2988 121 3041 et
151 3001 197 3041 ars
227 2964 434 3061 secessissent3
468 3002 524 3044 neo
550 2985 606 3055 his,
633 2986 696 3044 sine
729 2984 878 3043 hominum
