2200 3492
155 209 211 271 ror
491 222 535 271 nn
558 221 705 269 orrrcrrs.
916 219 1001 280 [an.

198 372 331 445 mestica,
352 372 499 431 recordor.
540 374 751 432 Verumtamen
780 370 918 448 quamdiu
946 369 1001 429 irn-

198 470 312 548 perium
331 471 433 547 populi
449 470 580 529 Romani
595 470 746 529 beneficiis
759 470 922 540 tenebatur,
936 488 999 527 non

199 567 322 644 injuriis,
350 567 427 625 bella
456 577 504 625 aut
530 587 584 644 pro
617 567 706 625 sociis
735 577 784 626 aut
811 566 848 623 de
875 565 1000 643 imperio

199 667 390 744 gerebantur3
413 666 507 724 exitus
521 675 605 723 erant
618 666 759 725 bellorum
774 675 824 724 aut
838 663 933 737 mites,
949 674 1001 722 aut

168 764 366 828 5necessarii.
407 763 537 842 Regum,
558 763 739 841 populorum,
756 763 919 835 nationum,
934 782 1001 839 por-

199 873 246 921 tus
273 874 335 921 erat
361 873 391 920 et
417 862 563 940 refugium
591 872 718 919 senatus.
769 860 873 920 Nostri
900 871 1000 919 autem

199 961 385 1039 magistratus
418 960 674 1037 imperatoresque,
701 979 738 1018 ex
771 959 828 1017 hac
862 958 922 1016 und
956 978 1000 1032 re,

199 1060 355 1118 maximam
382 1059 498 1118 laudem
525 1078 631 1135 capere
651 1057 816 1130 studebant,
838 1057 863 1114 si
883 1057 1002 1134 provin·

199 1158 272 1230 cias,
297 1158 321 1215 si
349 1156 455 1230 socios,
484 1157 621 1233 aequitate
647 1166 677 1215 et
704 1155 761 1214 fide
789 1155 1000 1213 defendissent.

155 1252 186 1302 1⁰
199 1254 301 1330 Itaque
336 1252 408 1313 illud
440 1254 637 1331 patrocinium
664 1253 745 1312 orbis
775 1263 859 1312 terrae
890 1253 1000 1326 veriuS,

199 1372 286 1429 quam
321 1351 485 1430 imperium,
519 1362 634 1428 poterat
667 1349 821 1409 nominari.
881 1351 1022 1425 Sensim

200 1450 276 1509 hanc
304 1450 546 1508 consuetudinem
567 1460 597 1507 et
619 1448 803 1526 disciplinam
826 1450 886 1527 jam
913 1460 1003 1508 antea

200 1547 403 1606 minuebamus
411 1568 419 1619 3
440 1558 504 1624 post
518 1567 587 1609 vero
602 1546 691 1605 Sullae
706 1547 866 1619 victoriam,
880 1547 1003 1624 penitus

143 1638 147 1643 ¹
202 1645 366 1705 amisimus:
400 1646 525 1704 desitum
550 1656 595 1704 est
621 1646 700 1703 enirn
724 1645 816 1705 rideri
839 1645 1002 1722 quidquam

155 1746 186 1796 15
201 1743 231 1801 in
252 1744 348 1801 socios
369 1743 511 1820 iniquum,
526 1764 594 1802 cum
609 1744 765 1802 exstitisset
779 1744 810 1801 in
824 1743 903 1801 cives
918 1752 1003 1803 tanta

200 1826 365 1899 crudelitas.
406 1842 486 1920 Ergo
513 1842 543 1899 in
572 1842 622 1900 illo
650 1853 751 1901 secuta
777 1852 821 1899 est
845 1842 1001 1900 honestam

200 1957 317 1996 cansam
338 1958 398 1997 non
418 1939 542 1998 honesta
563 1940 692 1998 victoria
734 1939 789 1997 Est
809 1939 887 1997 enim
911 1959 1003 1999 ausus

199 2035 308 2108 dicere,
324 2036 406 2094 hasta
426 2037 530 2114 positi,
546 2057 615 2095 cum
636 2038 713 2096 bona
732 2037 763 2095 in
781 2037 844 2095 foro
859 2037 1002 2097 venderet

200 2143 230 2191 et
256 2134 398 2192 bonorum
427 2135 563 2209 virorum,
591 2146 621 2193 et
647 2135 835 2212 locupletum,
863 2147 893 2194 et
917 2148 1002 2195 certe

154 2237 187 2288 2⁰
201 2230 318 2305 civium,
332 2233 458 2311 praedam
473 2254 556 2292 suam
570 2254 602 2292 se
615 2234 748 2293 vendere.

205 2316 215 2347 s
238 2329 365 2387 Secutus
392 2341 445 2403 est,
474 2330 534 2405 qui,
563 2330 594 2387 in
622 2331 711 2388 causd
745 2330 845 2407 impiis,
872 2331 1001 2391 victorini

198 2426 285 2483 etiam
314 2424 444 2499 soediore,
472 2446 532 2485 non
567 2428 747 2505 singulorum
775 2429 883 2487 civium
919 2432 1002 2489 bona

196 2521 369 2598 publicaret,
385 2524 435 2580 sed
450 2524 601 2581 universas
620 2525 786 2600 provincias
802 2526 1000 2604 regionesque

198 2636 258 2676 uno
282 2618 455 2678 calamitatis
476 2620 542 2698 jure
567 2622 834 2699 comprehenderet.
882 2623 1000 2702 Itaque,

153 2721 186 2772 25
199 2714 309 2773 vexatis
329 2726 358 2774 et
378 2718 498 2793 perditis
519 2719 625 2777 exteris
646 2720 823 2794 nationibus,
846 2722 883 2779 ad
901 2743 1001 2782 exem·

197 2812 279 2891 plum
304 2814 400 2871 amissi
425 2813 539 2892 imperii
562 2818 670 2893 portari
695 2819 725 2875 in
749 2819 897 2896 triumpho
920 2820 1001 2882 Mas·

198 2910 293 2969 ailiam
317 2910 450 2985 vidimus,
472 2922 502 2970 et
526 2914 618 2971 exeri
643 2916 714 2973 urbe
735 2917 919 2995 triumphari,
935 2922 1000 2980 sine

199 3007 257 3084 qud
270 3026 418 3086 nunquam
434 3011 525 3069 nostri
540 3011 729 3089 imperatores
742 3033 780 3072 er
794 3016 1000 3094 Transalpinis
1073 3074 1074 3083 ,
