2200 3492
145 219 186 279 ·22
481 226 525 273 os
544 226 691 272 osricus.

192 377 316 446 tinetur;
338 372 433 447 facile,
447 375 523 451 quod
537 374 677 452 cujusque
697 375 835 450 temporis
854 373 985 432 officium

192 472 239 543 sit,
253 471 412 548 poterimus
426 469 497 549 (nisi
511 472 704 548 nosmetipsos
715 471 797 528 valde
808 469 982 546 amabimus)

189 567 330 646 judicare.
373 568 427 626 Est
443 569 521 626 enim
543 568 670 626 difficilis
683 587 754 625 cura
768 586 862 625 rerum
879 567 986 626 aliena·

193 685 255 724 rum
266 685 273 735 ;
294 682 457 740 quanquam
471 664 669 723 Terentianus
682 665 731 722 iile
749 663 890 721 Chremes
903 670 922 695 ‘⁴
933 663 986 720 hu·

162 776 178 825 5
194 763 272 820 mani
286 762 358 820 nihil
370 781 428 819 asc
440 763 566 820 alienum
576 765 686 838 putat.’'
729 762 787 819 Sed
799 768 906 833 tamen,
917 760 986 836 quia

193 860 285 936 magis
299 878 333 916 ea
346 859 522 936 percipimus
545 858 631 937 atque
652 859 802 931 sentimus,
817 877 880 933 quas
899 857 985 915 nobis

194 956 264 1033 ipsis
286 966 334 1013 aut
354 974 492 1032 prospera
514 967 564 1014 aut
588 956 708 1014 adversa
728 955 875 1026 eveniunt,
897 974 984 1030 quum

194 1053 253 1124 illa,
268 1071 331 1127 quaa
353 1052 465 1110 caeteris
481 1050 568 1128 (quie,
584 1052 666 1127 quasi
678 1051 766 1130 longo
780 1050 929 1109 intervallo
943 1050 987 1107 in·

193 1150 324 1225 terjecto,
343 1149 504 1228 videmus);
526 1148 609 1206 aliter
633 1148 670 1205 de
692 1148 758 1221 iilis,
775 1167 809 1205 ae
832 1148 868 1205 de
889 1147 985 1218 nobis,

148 1271 179 1322 ,⁹0
190 1245 363 1322 judicamus.
403 1236 558 1308 Quocima
576 1245 651 1303 bene
671 1244 853 1321 praecipiunt,
870 1243 918 1320 qui
938 1262 986 1300 ve-

194 1353 256 1400 tant
276 1342 430 1418 quidquam
452 1361 549 1420 agere,
570 1341 657 1418 quod,
672 1342 796 1413 dubites,
811 1360 924 1416 aequum
946 1341 989 1402 sit

195 1458 231 1497 an
250 1439 389 1516 iniquum.
431 1439 565 1517 AEquitas
585 1439 663 1497 enim
684 1439 762 1498 lucet
783 1439 844 1515 ipsa
863 1456 915 1514 per
935 1456 985 1494 see

194 1535 337 1596 dubitatio
351 1536 558 1614 cogitationem
573 1536 717 1614 significat
731 1535 851 1613 injuria.

233 1729 272 1788 X.
295 1727 354 1788 Sed
374 1729 508 1788 incidunt
528 1749 604 1806 sape
625 1740 765 1805 tempora,
781 1748 906 1802 cumea,
921 1750 986 1805 quae

148 1849 180 1900 15
194 1825 318 1883 maxime
332 1825 464 1883 videntur
478 1824 568 1903 digna
585 1844 649 1883 esse
660 1826 738 1902 justo
752 1825 879 1899 homine,
894 1845 986 1902 coque

194 1940 278 1998 quem
293 1921 385 1980 virum
400 1921 508 1979 bonum
523 1921 658 1993 dicimus,
670 1922 988 1995 commutantur‚fiunt·

194 2038 250 2094 quc
264 2017 425 2076 contraria:
448 2030 479 2077 ut
492 2019 613 2077 reddere
627 2018 801 2096 depositum,
813 2019 986 2095 promissum

195 2116 301 2187 facere,
310 2133 430 2191 quaeque
440 2116 586 2192 pertident
598 2117 633 2173 ad
643 2117 791 2174 veritatem
801 2126 830 2172 et
841 2116 876 2174 ad
887 2115 985 2187 fidem,

194 2231 230 2270 ea
243 2213 367 2291 migrare
387 2212 542 2285 interdum,
557 2224 587 2270 et
600 2232 660 2270 nou
674 2232 797 2285 servare,
812 2212 850 2270 sit
866 2213 985 2289 justum.

148 2321 180 2373 20
194 2307 311 2367 Referri
333 2309 410 2366 enim
426 2309 510 2366 decet
528 2310 564 2366 ad
577 2329 622 2381 ea,
637 2329 700 2385 quae
713 2309 850 2386 proposui
865 2311 895 2367 iu
908 2310 987 2385 prin-

194 2406 282 2483 cipio,
304 2406 492 2464 fundamenta
509 2406 644 2481 justitiae:
671 2407 805 2483 primum,
827 2417 858 2463 ut
878 2426 916 2463 ne
937 2408 985 2464 cui

194 2514 352 2573 noceatur3
374 2502 488 2574 deinde,
515 2513 547 2559 ut
569 2502 716 2559 communi
740 2502 857 2561 utilitati
883 2505 987 2561 servia·

190 2609 249 2661 tur.
283 2598 404 2656 Eccum
417 2609 547 2674 tempora
557 2608 781 2670 commutantur,
793 2610 987 2657 commutatur

194 2695 332 2766 officium,
347 2705 376 2752 et
396 2714 455 2752 uon
477 2713 589 2770 semper
608 2704 652 2751 cst
668 2694 753 2752 idem.
794 2694 894 2752 Potest
907 2696 986 2752 eninr

148 2806 181 2857 z
196 2790 329 2848 accidere
347 2788 521 2867 promissum
536 2790 652 2866 aliquod
666 2801 696 2847 et
710 2801 895 2863 conventum,
910 2804 940 2848 ut
957 2792 986 2848 id

195 2876 271 2945 effici
291 2887 329 2945 sit
349 2887 452 2946 inutile
465 2887 510 2944 vel
531 2888 559 2945 ei
581 2887 629 2945 cui
649 2889 822 2964 promissum
838 2889 884 2960 sit,
899 2889 943 2946 vel
958 2891 986 2946 ei
1034 2918 1037 2923 ·

195 2983 245 3060 qui
263 2985 437 3062 promiserit.
479 2982 509 3041 N
512 3003 558 3042 am
571 2983 595 3042 si
612 2983 657 3062 (ut
672 2984 702 3042 iu
717 2983 821 3042 tabulis
835 2986 893 3066 est)
908 2983 988 3065 Nep-
