2200 3492
104 181 171 245 ut]
391 177 434 224 nu
454 174 600 224 urricus.
846 142 848 147 ’
898 162 937 223 45

103 347 154 385 nus
172 327 345 403 praclarum
360 327 426 399 hoc,
441 344 526 402 quam
541 325 623 398 illud,
635 325 823 402 judicandum
838 335 890 383 est.

102 425 174 482 Illud
196 425 276 482 enim
297 424 387 482 semel
404 424 528 500 profuit;
547 423 608 499 ¹hoc
630 442 741 499 semper
762 423 891 499 proderit

101 522 226 580 civitati:
259 522 313 580 hoc
336 522 460 581 consilio
480 521 561 598 leges
580 520 814 591 Atheniensium,
833 521 890 577 hoc

101 620 239 696 majorum
262 619 403 689 instituta,
418 629 576 675 servantur.
618 617 656 675 Et
676 617 891 676 Themistocles

101 717 213 791 quidem
236 716 310 774 nihil
325 715 440 786 dixerit,
456 715 485 772 in
499 735 555 790 quo
569 715 630 791 ipse
644 715 827 791 Areopagum
844 715 891 772 ad·
905 726 922 774 5

97 812 215 888 juverit;
240 824 270 870 at
284 814 333 873 illc
347 832 423 885 vere,
439 832 496 870 asa
508 812 636 888 adjutum
650 811 889 871 Themistoclem.

99 909 149 966 Est
171 911 252 967 enim
276 910 383 969 bellum
402 921 515 987 gestum
538 909 661 967 consilio
680 911 797 978 senatus
818 910 889 986 ejuS,

101 1006 145 1080 qui
162 1007 305 1064 aSolone
320 1016 383 1064 erat
396 1007 578 1064 constitutus.

136 1103 223 1161 Licet
238 1105 341 1162 eadem
353 1103 389 1160 de
400 1104 543 1161 Pausania
558 1104 763 1180 Lysandroque
775 1105 889 1174 dicere3
933 1108 943 1143 ’ἕ
978 1144 980 1147 ·

101 1219 218 1274 quorum
233 1202 326 1262 rebus
336 1201 426 1283 gestis
440 1220 602 1276 quanquam
617 1201 768 1277 imperium
785 1198 889 1277 [Lace-
905 1202 936 1251 10

100 1296 255 1379 daemonis]
271 1298 420 1356 dilatatum
440 1309 572 1373 putatur;
594 1309 748 1355 tamenne
769 1299 890 1355 minima
944 1332 953 1349 ι

102 1393 215 1467 quidem
237 1415 274 1452 ex
292 1386 374 1481 pipte
394 1394 521 1472 Lycurgi
546 1395 660 1471 legibus
680 1404 709 1451 et
730 1395 890 1471 disciplina

102 1491 271 1549 conserendi
281 1501 355 1550 sunt.
390 1490 573 1562 Quinetiam,
582 1492 620 1548 ob
631 1492 682 1548 has
691 1491 767 1566 ipsas
778 1510 890 1562 causas,

103 1597 129 1643 et
147 1589 330 1663 parentiores
350 1589 512 1647 habueruut
532 1588 685 1660 exercitus,
700 1598 729 1645 et
749 1587 890 1645 fortiores.

102 1680 175 1742 Mihi
199 1686 318 1762 quidem
339 1705 444 1761 neque,
464 1684 562 1761 pueris
584 1684 677 1756 uobis,
698 1683 740 1743 M.
763 1686 890 1742 Scaurus
906 1688 937 1736 15

105 1779 136 1838 Ο.
151 1780 259 1854 Μαῐὶο,
274 1802 378 1859 neque,
394 1803 460 1840 cum
476 1776 658 1840 ⁴versaremur
678 1782 708 1840 in
730 1783 889 1858 republica,

77 1903 81 1908 ·
103 1875 272 1941 Q.Catulas
281 1881 336 1938 Cn.
345 1880 494 1956 Pompeio,
504 1879 608 1937 cedere
618 1879 775 1937 videbatur.
806 1880 890 1937 Parvi

106 1975 179 2033 euim
201 1988 273 2035 sunt
294 1977 364 2035 soris
387 1996 474 2049 arma,
493 1976 549 2033 nisi
571 1982 615 2034 est
633 1978 785 2035 consilium
804 1977 889 2047 domi.

107 2068 168 2130 Nec
188 2075 255 2151 plus
276 2075 443 2145 Africanus,
458 2074 612 2150 singularis
629 2084 658 2131 at
672 2074 713 2130 vir
727 2084 756 2131 et
770 2074 891 2150 impera·

109 2175 157 2241 tor,
171 2170 201 2228 in
223 2171 385 2229 excidenda
407 2150 567 2228 Numantia
588 2170 754 2246 reipublicae
773 2172 890 2246 profuit,
905 2179 937 2228 20

109 2282 187 2337 quam
209 2269 313 2324 eodem
332 2277 462 2342 tempore
482 2266 513 2324 P.
535 2264 646 2325 Nasica
665 2268 802 2343 privatus,
824 2287 889 2324 cum

111 2358 333 2443 Ti.'Graechum
349 2356 510 2422 interemit:
531 2384 693 2440 quanquam
705 2365 766 2422 haec
777 2364 890 2439 quidem

110 2476 220 2519 resnou
234 2462 328 2535 solum
342 2480 378 2518 ex
391 2461 551 2521 domestici
566 2471 609 2518 est
627 2461 756 2519 ratione:
778 2461 892 2541 attingit

112 2554 192 2614 etiarn
211 2558 356 2630 bellicam,
385 2558 518 2632 quoniam
541 2558 569 2614 vi
593 2577 736 2632 manuque
760 2558 894 2615 confecta

113 2662 167 2709 ast:
187 2655 237 2711 sed
253 2664 349 2711 tamen
364 2653 393 2710 id
408 2653 500 2729 ipsum
515 2663 628 2730 gestum
649 2663 692 2710 est
713 2653 834 2710 consilio
849 2674 893 2711 ur·
907 2671 939 2719 25

115 2745 190 2823 bauo,
205 2751 268 2808 sine
283 2751 419 2808 exercitu.

147 2845 220 2906 Illud
236 2859 331 2906 autem
345 2848 484 2923 optimum
498 2857 551 2919 est,
565 2848 594 2905 iu
606 2848 682 2924 quod
694 2847 790 2905 invadi
801 2848 894 2904 solere

119 2941 148 2999 ab
160 2945 293 3025 improbis
307 2956 337 3003 et
351 2945 456 3004 invidis
470 2946 574 3005 audio:
