2200 3492
174 185 232 245 158
509 194 554 241 nn
575 194 720 241 orrrcns
918 191 1013 252 [nun

219 343 329 401 scelere
350 343 566 401 contaminent:
594 342 624 400 in
648 341 711 418 ipsi
731 341 811 399 enim
832 340 1013 399 dubitatione
1087 328 1088 339 ¹

220 439 335 497 facinus
361 440 445 512 inest,
473 440 587 497 etiamsi
614 440 651 497 ad
678 439 707 496 id
733 458 792 496 non
817 439 1011 515 pervenerint.

219 536 300 613 Ergo
313 557 349 595 ea
362 537 548 595 deliberanda
565 537 685 594 omnino
701 556 758 594 non
772 546 849 608 sunt,
865 536 1014 612 inquibus

219 642 263 690 est
290 634 381 709 turpis
409 635 470 710 ipsa
495 634 675 691 deliberatio.
727 635 823 709 Atque
850 634 949 705 otiam,
976 652 1015 690 ex

188 729 298 788 oomni
311 729 536 802 deliberatione,
558 730 672 787 celandi
699 740 729 786 et
755 730 922 787 occultandi
946 749 1014 805 spes

220 824 375 901 opinioque
394 826 570 883 removenda
589 835 641 883 est.
683 826 760 882 Satis
780 826 856 882 enirn
874 826 958 883 nobis
973 826 1014 901 (si

220 922 307 981 modo
322 923 350 979 in
364 923 546 998 philosophii
568 922 675 998 aliquid
693 923 883 1002 profecimus)
896 942 1015 998 persua·

220 1037 285 1076 sum
311 1039 375 1076 esse
402 1019 498 1090 debet,
525 1019 550 1077 si
577 1038 679 1076 omnes
713 1018 793 1079 Deos
809 1020 1015 1096 ¹hominesque

220 1115 316 1187 celare
332 1117 484 1193 possimus,
498 1116 571 1173 nihil
585 1126 682 1173 tamen
700 1134 794 1187 avare,
803 1116 881 1173 nihil
896 1117 1014 1194 injuste,

174 1223 205 1274 lt
220 1212 292 1270 nibil
313 1213 478 1284 libidinose,
492 1213 566 1270 nihil
588 1212 814 1285 incontinenter,
828 1232 891 1272 esse
906 1213 1017 1273 sacien-

221 1308 298 1366 dum.

177 1522 178 1529 ¹
260 1498 315 1561 lx.
337 1503 417 1561 Hinc
431 1503 480 1561 ille
490 1503 589 1581 Gyges
603 1504 750 1562 inducitur
764 1524 782 1562 a
795 1504 914 1562 Platone
922 1525 930 1575 ;
952 1504 1015 1580 qui,

222 1619 289 1659 curn
313 1610 390 1661 terra
416 1601 597 1659 discessisset
624 1601 737 1677 magnis
762 1601 934 1677 quibusdam
961 1601 1016 1658 irn-

220 1697 330 1768 bribus,
355 1697 385 1754 in
413 1696 494 1757 illum
522 1698 632 1755 hiatum
660 1697 820 1768 descendit,
844 1716 1015 1774 aeneurnque

175 1806 205 1854 15
220 1810 327 1867 equum
354 1794 400 1869 (ut
427 1794 523 1851 ferunt
551 1794 668 1874 fabule)
694 1794 904 1866 animadvertit,
929 1794 1016 1871 cujus

198 1950 199 1957 χ
221 1889 251 1945 in
265 1888 403 1947 lateribus
417 1890 494 1947 sores
507 1903 621 1960 essent;
642 1892 745 1966 quibus
760 1892 874 1967 apertis,
886 1891 1015 1949 hominis

221 1986 325 2044 mortui
346 1986 417 2044 vidit
438 2006 548 2062 corpus,
569 1987 767 2065 magnitudine
795 1989 943 2061 inusitati,
966 2008 1014 2047 au·

221 2084 379 2159 nulumque
400 2104 518 2143 aureum
539 2084 571 2142 in
591 2085 699 2162 digito:
720 2105 805 2162 quem
827 2096 857 2144 ut
876 2086 1014 2158 detraxit,

222 2181 283 2257 ipse
305 2182 414 2241 induit:
437 2181 512 2259 (erat
533 2194 628 2253 autern
649 2183 747 2259 regius
766 2184 876 2263 pastor)
899 2198 961 2243 tunr
983 2185 1013 2241 in

174 2294 206 2344 m
223 2279 379 2337 concilium
399 2290 546 2354 pastorum
562 2299 592 2336 se
605 2279 723 2355 recepit.
765 2279 820 2353 lbi,
836 2298 902 2337 curn
916 2281 1013 2356 palam

221 2375 284 2452 ejus
299 2375 396 2433 annuli
411 2374 446 2433 ad
459 2375 583 2450 palmam
605 2385 795 2446 converterat,
811 2395 828 2433 e
841 2375 926 2433 nullo
936 2376 1014 2434 vide-

222 2472 322 2541 batur3
344 2472 404 2548 ipse
425 2483 520 2529 autem
541 2472 640 2530 omnia
660 2473 790 2530 videbat:
816 2472 893 2530 idem
913 2492 1014 2530 rursus

221 2565 381 2637 videbatur,
406 2586 473 2627 curn
501 2567 530 2624 in
556 2567 654 2624 locum
683 2568 820 2625 annulum
848 2568 1011 2626 inverterat

176 2698 182 2716 t
221 2660 332 2738 Itaque,
354 2662 409 2720 hac
435 2663 648 2739 opportunitate
676 2664 773 2721 annuli
801 2683 880 2731 usus,
905 2665 1012 2743 regine

174 2773 207 2823 ις
222 2768 350 2834 stuprum
374 2758 470 2833 intulit
478 2778 486 2829 3
514 2759 606 2834 eique
631 2761 770 2837 adjutrice
797 2779 894 2837 regern
922 2761 1012 2818 dorni-

221 2875 291 2915 num
317 2854 462 2912 interemit
469 2874 477 2925 ;
505 2856 686 2933 sustulitque,
707 2877 779 2934 quos
800 2857 915 2915 obstare
939 2858 1012 2915 arbi·

222 2953 366 3011 trabatur:
387 2970 443 3010 nec
462 2951 492 3010 in
511 2954 558 3013 hin
577 2953 642 3013 euin
662 2954 812 3032 quisquam
834 2954 1011 3013 facinoribus
