2200 3492
188 239 245 299 luo
520 233 565 300 na
587 252 733 300 osricus.
943 250 1021 312 [cn

231 401 353 459 multum
367 402 476 475 volunt,
486 422 538 480 per
551 404 680 486 hcspites
694 402 768 479 apud
783 410 919 459 externos
927 419 1023 478 »popu-

230 497 275 555 los
295 499 388 556 valere
410 500 513 576 opibus
532 510 563 558 et
582 500 683 578 gratia.
724 498 948 586 Thepphrastus
963 498 1023 574 qui-

231 593 297 651 dern
324 595 434 667 scribit,
458 597 611 654 Cimonem
636 595 763 653 Athenis
788 596 875 652 etiam
901 595 932 652 in
956 613 1022 653 suos

231 692 354 749 curiales
378 692 520 750 Laciadas
544 694 715 769 hospitalem
742 676 848 750 fiiissc:
880 691 923 749 ita
945 691 1022 750 enim

200 793 217 842 5
231 787 399 858 instituisse,
413 800 442 847 et
456 790 561 847 villicis
581 790 774 866 imperavisse,
789 799 821 869 ut
835 789 937 846 omnia
955 809 1022 866 prc-

231 886 376 958 bercntur‚
397 885 572 962 quicumque
595 882 737 944 Laciades
764 886 795 944 in
821 885 921 947 villam
942 905 1021 944 suam

231 982 407 1040 devertisset.

270 1175 356 1234 XIX.
376 1175 454 1238 Quae
469 1187 564 1234 autern
578 1176 676 1252 operd,
687 1195 746 1233 non
760 1174 927 1252 largitione,
940 1177 1022 1239 benc·

231 1271 298 1330 ficia
311 1272 425 1345 dantur,
437 1273 499 1330 haec
513 1284 575 1331 tum
586 1268 1020 1349 in'universarnvrempublicam,

186 1372 216 1422 10
230 1379 291 1426 tum
307 1369 335 1426 in
348 1369 475 1446 singulos
486 1371 574 1438 cives,
585 1371 782 1431 conferuntur.
823 1368 853 1427 N
856 1389 901 1426 arn
918 1371 950 1427 in
961 1370 1033 1447 jure.

231 1484 343 1539 cavere,
356 1454 477 1525 consilio
488 1467 598 1544 juvare,
611 1477 696 1542 atque
709 1467 764 1524 hoc
775 1467 906 1524 scientiae
917 1485 1022 1543 genere

229 1564 367 1639 prodesse
387 1582 473 1639 qnam
492 1563 633 1641 plurimis,
648 1564 832 1621 vehementer
851 1563 933 1620 etad
955 1581 1022 1639 opes

231 1660 378 1736 augendas
398 1660 532 1736 pertinet,
547 1669 576 1716 et
599 1660 635 1717 ad
653 1659 784 1736 gratiam.
827 1658 941 1734 ltaque,
957 1677 1021 1717 cam
1075 1664 1076 1671 ’

231 1755 321 1812 multa
340 1757 478 1831 preclara
498 1757 649 1833 majorum,
664 1766 725 1813 turn
740 1756 816 1830 quod
831 1756 941 1830 optime
957 1774 1022 1814 con·

185 1863 216 1912 15
231 1852 323 1908 stituti
342 1852 416 1927 juris
434 1852 527 1910 civilis
545 1872 658 1912 summo
674 1838 785 1928 semper
800 1852 830 1908 in
845 1853 956 1911 honore
971 1852 1021 1910 nit

230 1947 361 2023 cognitio
383 1958 467 2023 atque
485 1948 684 2025 interpretatio
698 1948 797 2025 (quarn
812 1949 942 2025 quidem,
958 1960 1021 2008 ante

230 2044 306 2101 hanc
320 2042 520 2102 confusionem
542 2056 713 2122 temporum,
728 2045 759 2103 in
772 2047 958 2121 possessione
971 2047 1021 2104 sud

229 2138 376 2217 principes
402 2143 614 2222 retinuerunt);
649 2161 738 2214 nunc,
766 2151 798 2199 ut
827 2143 964 2215 honores,
991 2153 1022 2200 ut

229 2246 329 2295 ornne's
343 2238 492 2315 dignitatis
502 2239 619 2316 gradus,
630 2240 673 2296 sic
687 2239 773 2315 hujus
786 2239 917 2297 scientia
931 2241 1022 2316 splen·

183 2344 214 2395 20
229 2334 282 2392 dor
307 2334 419 2392 deletus
442 2348 502 2393 est:
530 2335 618 2410 idque
642 2354 678 2392 eo
702 2335 859 2412 indignius,
884 2338 963 2411 quod
987 2355 1021 2394 ec
1075 2334 1076 2341 '

230 2440 357 2507 ternpore
378 2433 434 2490 hoc
455 2432 588 2508 contigit,
610 2450 676 2489 cunr
699 2432 723 2488 is
744 2443 828 2503 esset,
849 2433 899 2507 qui
922 2452 1022 2491 omnes

230 2527 400 2603 superiores,
428 2530 531 2604 quibus
566 2529 677 2586 honore
706 2549 758 2604 par
785 2539 870 2601 esset,
899 2530 1021 2588 scientio

230 2622 459 2682 facilevvicisset.
501 2625 575 2682 Haec
596 2625 684 2702 igitur
704 2645 792 2701 opera
811 2636 894 2703 grata
913 2627 1020 2697 multis,

229 2729 259 2777 et
281 2719 316 2776 ad
336 2720 487 2779 beneficiis
506 2721 730 2799 obstringendos
753 2723 886 2780 homines
910 2743 1021 2782 acwrn·

182 2829 215 2879 25
231 2816 353 2874 madata
799 2800 802 2807 ’Ἴ

269 2913 368 2987 Atque
388 2912 457 2969 huic
479 2914 532 2971 arti
553 2915 676 2973 finitima
698 2925 743 2972 est
765 2915 883 2971 dicendi
909 2916 1021 2992 gravior

230 3011 362 3082 facultas,
390 3019 419 3068 ct
446 3010 566 3088 gratior,
593 3021 623 3070 et
648 3003 785 3070 ornatior.
832 3011 916 3073 Quid
943 3012 1019 3074 enim

856 3324 861 3355 l
