2200 3492
173 177 230 235 192
505 188 549 234 DE
571 186 718 234 omens.
914 182 1009 243 [Ia-III.

254 335 401 393 XXVIII.
430 336 600 394 Pervertunt
626 334 758 394 hoquea
781 353 825 405 ea,
847 353 912 409 que
939 342 1012 392 suut

216 431 402 491 fundamenta
422 442 541 503 uaturae,
556 451 623 490 cum
639 431 791 492 utilitatem
807 431 843 489 ab
854 430 1009 488 ,honestate

215 529 379 606 sejungunt.
430 528 541 586 Omnes
561 528 638 587 enim
660 528 819 603 expetimus
841 527 1008 599 utilitatem,

216 627 250 683 ad
266 644 387 701 eamque
400 626 543 701 rapimur3
564 631 621 683 uee'
635 624 731 683 faeere
746 624 827 682 aliter
843 624 902 682 ullo
917 623 1007 684 modo
1089 643 1090 670 ι

184 731 381 799 5poseumus:
402 741 469 780 narn
489 722 555 797 quis
574 731 627 794 eat,
647 720 699 797 qui
717 720 798 778 utilia
819 720 930 797 sugiatl
957 731 1008 778 aut

215 819 279 895 quie
298 819 403 896 potiue,
417 819 466 895 qui
486 838 522 877 ea
541 825 609 878 uou'
620 817 830 896 etudiosipsime
853 835 1007 894 persequa³

214 918 281 974 turl
335 916 405 987 Sed,
432 916 501 991 quia
525 933 668 990 nusquam
699 932 861 990 possumus,
888 913 946 970 nisi
974 913 1006 971 in

214 1012 310 1085 laude,
331 1013 446 1084 decore,
475 1013 635 1083 honestate,
657 1010 741 1072 utilia
766 1009 902 1085 reperire,
923 1028 1007 1085 prop-

213 1119 294 1167 terea
319 1109 370 1167 illa
392 1109 482 1185 prima
501 1118 531 1165 et
550 1125 664 1166 summa
689 1106 844 1176 hebernum
871 1105 1007 1163 utilitatis

113 1271 114 1276 ἵ
169 1211 200 1261 10
213 1223 320 1262 nomeu
339 1224 398 1263 non
418 1215 478 1262 tam
498 1202 681 1279 splendidum
701 1221 787 1277 quam
801 1201 1005 1260 'necessarium

213 1300 356 1359 ducimus.
650 1357 652 1362 ,

252 1398 336 1461 Quid
349 1409 393 1456 est
407 1397 495 1475 igitur
510 1396 629 1474 (dixerit
649 1395 732 1475 quisi
748 1394 778 1452 iu
795 1394 1004 1471 jurejurandul

213 1514 283 1554 uum
304 1496 409 1556 iratum
429 1495 565 1553 timemus
586 1492 708 1551 Jovemt
730 1493 791 1550 xAt
811 1492 868 1552 hoe
887 1491 1005 1567 quidem

214 1611 368 1651 eommuue
388 1602 432 1650 eet
451 1591 581 1649 omnium
609 1588 856 1666 philosophorum,
876 1607 936 1646 non
958 1607 1006 1648 eo·

167 1708 199 1757 15
215 1708 279 1748 rum
299 1689 396 1761 modo,
411 1689 459 1764 qui
480 1688 575 1745 Deum
589 1686 660 1746 nihil
678 1686 784 1744 habere
804 1685 898 1762 ipsum
919 1704 1006 1763 nego·

214 1787 248 1843 tii
269 1786 380 1857 dieunt,
401 1795 430 1842 et
450 1785 521 1841 nihil
549 1783 686 1841 exhibere
714 1782 804 1855 alteri,
825 1781 876 1839 sed
904 1801 1005 1841 eorum

214 1881 311 1953 etiam,
326 1881 376 1956 qui
390 1880 485 1938 Deum
506 1899 619 1956 semper
640 1898 725 1956 agere
745 1865 851 1953 aliquid
866 1888 895 1936 et
908 1879 1005 1937 moliri

214 1978 323 2050 volunt,
337 1995 484 2053 nunquam
504 1996 561 2036 nee
581 1976 668 2036 irasci
690 1975 796 2046 Deum,
811 1994 867 2033 nee
887 1994 1005 2035 nocere
1088 2027 1089 2052 p

212 2074 296 2138 Quid
311 2085 407 2134 autem
421 2074 511 2136 iratus
524 2073 638 2150 Jupiter
653 2072 719 2149 plue
732 2091 840 2130 nouere
853 2073 1005 2149 potuisset,
1088 2079 1089 2118 ff

165 2195 198 2247 ω
214 2191 300 2249 quam
319 2171 422 2231 nocuit
441 2171 497 2229 sibi
517 2172 579 2247 ipse
599 2169 753 2247 Regulusl
807 2168 896 2230 Nulla
917 2168 1006 2248 igitur

213 2270 256 2327 vie
283 2269 337 2327 fuit
363 2268 521 2345 religionis,
543 2286 607 2342 qua
633 2277 741 2325 tentam
768 2265 923 2324 utilitatem
943 2287 1006 2344 per·
1088 2291 1089 2298 ¹

213 2376 344 2424 verteret.
395 2366 454 2436 Au,
478 2384 516 2421 ne
539 2363 660 2438 turpiter
687 2362 813 2421 faceretl
864 2363 1006 2437 Primum,
1088 2351 1089 2358 ἵ

213 2463 333 2521 minima
359 2463 396 2519 de
423 2462 513 2519 malis.
568 2458 649 2518 Num
677 2459 764 2536 igitur
790 2469 901 2520 tantum
936 2461 1005 2522 mali

212 2559 360 2635 turpitudo
381 2559 435 2626 ieta
455 2551 588 2628 habebat,
608 2569 746 2632 quantum
767 2557 816 2614 ille
836 2557 1006 2616 crudiatual

164 2669 197 2720 25
213 2654 328 2714 Deinde
343 2655 413 2713 illud
428 2655 515 2714 etiam
530 2653 606 2730 apud
619 2654 744 2728 Attium,

244 2814 260 2842 “
269 2775 376 2875 Fregisti
391 2808 475 2858 fidem.
508 2808 596 2874 Neque
613 2808 679 2872 dedi,
690 2771 771 2872 neque
788 2808 828 2872 do,
840 2807 937 2859 infideli
952 2808 1005 2860 eui·

300 2888 401 2954 quam‚”
555 2903 558 2912 ’
