2200 3492
102 214 163 274 nr]
387 212 431 258 ne
450 211 597 259 osncns.
890 202 929 258 47

101 369 152 414 tem
166 360 295 431 afferunt,
307 359 356 434 qui
371 359 461 437 togati
475 359 641 437 reipublicae
651 370 786 436 praesunt,
796 378 881 436 quam

99 456 143 530 qui
155 457 259 514 bellum
271 467 384 534 gerunt.
426 455 538 532 Itaque,
549 477 649 516 eorum
661 457 784 515 consilio
794 476 879 533 saepe,

100 563 218 610 autnon
239 565 385 629 suscepta,
401 564 450 612 aut
471 554 606 613 confecta
626 554 702 612 bella
721 565 798 626 sunt,
812 574 882 612 non·

98 669 236 724 uunquam
257 651 344 708 etiam
367 651 464 722 illata;
492 662 533 723 ut,
556 650 598 709 M.
622 652 750 723 Catonis,
773 652 881 713 bellum

97 747 205 803 tertium
228 748 391 818 Punicum
422 748 533 823 inquo
556 749 641 809 etiam
664 749 770 806 mortui
793 749 914 807 valuit-t

98 845 256 905 auotoritas.
298 844 402 906 Quare
422 834 586 921 expetenda
603 845 719 922 quidem
734 845 825 922 magis
838 856 882 902 est

96 939 267 997 decernendi
278 942 362 1013 ratio,
374 961 458 1016 quain
474 941 641 999 decertandi
656 942 810 1000 fortitudo:
831 940 882 999 sed

97 1038 262 1110 cavendum,
277 1038 359 1095 ne‘id
374 1038 500 1095 bellandi
514 1040 605 1116 magis
619 1039 697 1116 sugd,
709 1059 792 1114 quam
809 1038 884 1096 utili·

96 1132 157 1191 tatis
170 1134 295 1206 ratione,
304 1134 459 1205 'iaciamus

131 1230 244 1287 Bellum
270 1241 364 1288 autem
387 1232 428 1289 ita
449 1232 525 1289 susoi
547 1232 631 1305 intur,
646 1243 678 1289 ut
699 1232 771 1290 nihil
795 1232 930 1303 uliud,10

96 1325 147 1383 nisi
166 1340 223 1401 pax
240 1327 368 1401 =quaesita
386 1251 545 1417 videatur)³
566 1321 663 1387 Fortis
684 1348 752 1387 vero
772 1339 801 1386 et
816 1348 885 1386 oon·

97 1423 191 1480 stantis
212 1434 270 1494 est,
284 1418 347 1481 non
362 1425 525 1499 perturbari
546 1424 577 1482 in
597 1426 682 1483 rebus
697 1425 814 1499 asperis,
829 1443 884 1481 neo

97 1520 318 1579 tumultuantem
343 1520 379 1578 de
402 1522 494 1598 gradu
518 1520 616 1597 dejici,
636 1531 668 1577 ut
688 1521 812 1590 dicitur3
835 1520 885 1577 sed

97 1610 242 1691 praesentis
260 1617 347 1675 animi
361 1618 404 1674 nti
418 1617 554 1689 oonsilio,
568 1636 624 1675 neo
640 1636 656 1675 a
669 1617 781 1674 ratione
795 1616 887 1675 disoe-

98 1712 169 1771 dere.
209 1715 390 1790 Quanquam
405 1716 462 1773 hoe
477 1714 576 1787 animi,
591 1714 661 1772 iilud
676 1714 761 1772 etiam
776 1714 886 1791 ingenii
902 1724 932 1773 15

98 1812 189 1888 magni
201 1822 269 1883 fest,
285 1812 443 1888 praecipere
463 1813 639 1889 cogitatione
661 1812 766 1884 futura,
787 1822 816 1870 et
837 1811 887 1869 ati-

98 1919 200 1983 quanto
214 1919 284 1969 ante
299 1909 488 1967 constitutore
507 1909 575 1983 quid
598 1908 732 1966 accidere
750 1909 841 1984 possit
855 1905 903 1966 in'

99 1986 401 2083 utramquepartem
431 2015 470 2076 et,
493 2005 561 2080 quid
585 2004 726 2081 agendum
751 2005 797 2076 sit,
820 2024 887 2062 enm

99 2101 161 2174 quid
182 2101 329 2172 evenerit3
351 2120 407 2159 nee
421 2101 612 2172 committere,
627 2111 658 2159 ut
677 2101 832 2176 aliquando
846 2102 888 2160 di·

101 2196 218 2254 cendum
242 2198 289 2269 sit,
305 2197 404 2255 “Non
417 2199 578 2273 putaram?
619 2196 692 2255 Haeo
713 2208 780 2254 sunt
800 2217 887 2274 opera
902 2216 933 2264 ρο

100 2295 192 2369 magui
208 2294 298 2351 animi
319 2303 348 2350 et
366 2292 483 2365 excelsi,
498 2303 528 2350 et
540 2293 692 2369 prudentii
707 2293 887 2367 consilioque

102 2387 219 2448 fidentis.
262 2389 388 2447 'I'emere
404 2399 498 2448 autem
514 2389 543 2447 in
559 2390 622 2447 acie
632 2389 749 2460 versari,
761 2403 790 2449 et
801 2409 886 2446 mann

103 2502 164 2543 oum
178 2487 264 2545 hoste
278 2486 444 2563 confligere,
456 2485 581 2543 immane
592 2485 727 2560 quiddam
738 2495 767 2541 et
782 2485 888 2543 bellua·

103 2598 161 2639 rum
175 2583 270 2640 simile
284 2592 336 2641 est.
378 2583 529 2654 sedeunt
545 2582 887 2657 tempus‘neoessitasque

104 2680 233 2751 postulat,
244 2678 451 2745 decertandum
465 2698 553 2735 manu
565 2687 618 2750 est,
629 2688 658 2734 et
670 2698 744 2736 mors
757 2679 886 2737 servituti
903 2690 933 2737 25

105 2775 328 2852 turpitudinique
342 2762 565 2870 anteponenda]

141 2970 253 3031 xxlv.
275 2969 321 3028 De
347 2970 510 3053 evertendis
539 2981 635 3029 autem
663 2970 889 3048 diripiendisque.
