2200 3492
153 231 210 288 176
486 236 529 283 nr:
551 235 696 282 osricus.
893 233 933 294 [n.
942 233 988 279 111.

198 387 354 464 exemplis,
374 385 404 443 in
430 385 535 461 quibus
561 383 678 461 peccari
705 381 807 460 vulffrs
836 382 988 441 homiuum

198 485 318 541 fortasse
345 501 404 539 non
430 492 521 558 putat.
545 481 666 556 'Neque
694 480 773 537 enim
799 479 836 536 dc
863 478 987 550 sicariis,

199 580 343 649 veneficis,
365 578 596 650 testamentariis,
621 577 741 648 iuribus,
762 575 987 652 peculatoribus,

198 677 340 734 hocloco
361 674 560 732 disserendum
580 685 640 744 est3
661 674 709 749 qui
729 692 787 731 non
806 672 901 729 verbis
921 681 989 729 suut

166 783 227 832 set
251 772 444 848 disputatione
468 771 712 848 philosophorum,
737 770 788 826 sed
812 768 936 827 vinculis
959 777 989 826 et

199 887 326 942 carcere,
341 868 496 946 fatigandi:
521 868 572 925 ssd
592 866 655 925 haec
676 866 902 939 consideremus,
924 884 988 940 quae

198 965 309 1023 iaciunt
324 965 354 1036 ii,
369 965 418 1040 qui
433 966 575 1022 habentur
589 964 665 1022 boni.

238 1061 323 1119 Lucii
344 1060 469 1119 Minucii
490 1060 591 1132 Basili,
604 1059 758 1136 locupletis
778 1058 914 1130 hominis,
937 1058 990 1116 fal·

199 1177 262 1214 sum
290 1167 492 1219 testamentum
526 1157 641 1232 quidam
669 1174 687 1212 e
713 1155 828 1214 Graecit
860 1155 990 1213 Romam

156 1266 184 1315 1⁰
201 1255 372 1313 attuleruut:
396 1254 473 1329 quod
494 1272 551 1328 quc
571 1252 879 1327 faciliusobtinerent,
900 1252 991 1329 serip-

200 1360 296 1407 serant
316 1350 444 1408 haeredes
464 1368 562 1409 secum
584 1347 625 1406 M.
647 1349 784 1407 Crassum
805 1358 834 1405 et
853 1348 894 1410 Q.
914 1344 991 1405 Hor·
1075 1389 1077 1392 <

200 1446 334 1518 tensium,
349 1446 479 1503 homines
499 1444 628 1521 ejusdem
647 1430 739 1502 aetatis
756 1433 989 1520 potentissim0s;

200 1543 259 1618 qui,
285 1554 350 1600 cum
375 1543 444 1600 illud
469 1541 571 1599 falsum
596 1560 659 1599 esse
686 1542 909 1617 suspicarentur,
933 1540 999 1599 sibi.

201 1650 297 1698 autem
317 1639 424 1697 nullius
444 1648 540 1696 essent
562 1636 673 1696 conscii
695 1639 798 1714 culpae,
814 1637 900 1696 alieni
920 1637 992 1695 faci·

154 1754 184 1801 15
200 1736 279 1793 noris
306 1735 508 1793 munusculum
535 1754 595 1792 nou
624 1735 855 1811 repudiaverunt.
905 1733 991 1796 Quid

199 1832 290 1908 ergol
317 1831 399 1888 satiu’
422 1832 486 1892 hoc,
499 1814 551 1905 est,
572 1841 603 1888 ut
624 1814 684 1889 ncn
701 1831 855 1905 deliquisse
876 1831 992 1888 videau-

199 1929 266 1986 turl
319 1926 395 1985 Mihi
428 1927 544 2003 quidem
576 1946 634 1984 non
662 1927 790 1993 videtur;
825 1946 991 2003 quanquam

202 2026 322 2082 alterum
337 2025 428 2082 amavi
442 2024 547 2096 rivum,
565 2025 684 2081 alterum
698 2043 757 2081 non
772 2023 820 2080 cdi
835 2034 990 2097 mortuum.

202 2123 261 2179 Sed
289 2140 355 2180 cum
383 2121 496 2179 Basilus
523 2120 565 2178 M.
591 2121 728 2191 Satrium,
754 2120 861 2177 sororis
887 2120 991 2190 filium,

154 2239 186 2288 ρο
202 2238 307 2276 nomen
335 2236 417 2276 suum
446 2218 520 2275 lerrc
547 2218 693 2288 voluisset,
721 2236 844 2292 eumque
875 2216 992 2273 fecisset

201 2315 354 2386 heredem,
369 2321 388 2348 “
399 2315 488 2372 Hunc
508 2315 576 2371 dico
595 2323 745 2390 patronum
766 2314 827 2390 agri
845 2313 947 2371 Piceni
962 2325 992 2370 et

202 2412 332 2482 Sabini,¹’
355 2410 387 2488 (c
408 2421 520 2485 turpem
539 2420 637 2467 notam
659 2420 820 2486 temporum
842 2410 991 2487 illoruml)

201 2524 269 2564 num
285 2517 346 2564 erat
360 2526 482 2583 aequum,
495 2507 641 2582 principes
656 2507 732 2564 cives
746 2525 806 2562 rem
822 2506 938 2577 habere,
955 2506 990 2562 ad

203 2603 329 2660 Satrium
350 2604 432 2675 nihil,
452 2611 556 2679 prater
580 2621 696 2674 nomen,
716 2602 888 2678 pervenire?
941 2602 994 2659 Et·

154 2719 186 2767 ffi
202 2699 289 2770 enim,
316 2700 340 2756 si
364 2700 397 2771 is,
420 2700 468 2777 qui
491 2718 551 2756 non
576 2698 704 2756 defendit
729 2700 879 2775 injuriam,
898 2716 993 2775 neque

203 2795 348 2871 propulsat
373 2815 389 2852 a
412 2796 480 2866 suis,
505 2815 573 2852 cum
596 2806 700 2870 potest,
721 2795 826 2871 injuste
851 2795 921 2853 lacit
945 2795 993 2871 (ut

204 2894 232 2949 in
251 2892 342 2968 primo
360 2892 432 2949 librc
450 2892 598 2972 disserui),
614 2893 706 2969 qualis
725 2891 874 2949 habendus
893 2903 937 2948 est
956 2893 992 2962 is,

203 2989 251 3065 qui
275 3007 332 3047 non
358 2988 444 3045 modc
468 3007 526 3046 non
547 2990 670 3066 repellit,
690 2990 741 3047 sed
764 2990 851 3046 etiam
877 2989 993 3064 adjuvat
