2200 3492
84 223 181 284 u.111.1
376 226 419 272 un
441 226 587 273 osricus.
865 216 921 275 167

84 390 143 429 non
158 382 212 444 est,
227 383 384 449 emptorem
405 374 464 450 peti
484 393 578 446 ruere,
592 384 623 432 et
635 394 685 452 per
704 393 829 434 errorem
843 375 874 433 in

84 468 240 526 maximam
262 470 391 527 fraudem
411 470 559 528 incurrere
567 472 585 529 ‘l-
623 471 693 529 Plus
712 472 798 530 etiem
819 481 872 543 est,

85 583 171 639 qnsm
186 565 260 622 riam
275 585 333 623 non
352 576 527 627 monstrare:
550 586 617 625 nem
632 576 676 625 est
689 568 829 626 scientem
842 568 873 627 in

84 679 209 718 errorem
239 662 357 720 alterum
386 663 531 721 inducere.
580 663 729 741 Diogenes
756 675 872 723 eontra:

84 756 164 814 Num
186 767 215 815 te
236 777 331 816 emere
344 759 459 836 'coegin
481 759 588 834 quine
608 760 738 818 hortatus
757 761 906 836 quidemr»

84 855 148 912 estl
196 854 259 926 Ille,
280 856 356 930 quod
376 875 436 914 non
454 855 599 932 placebat,
619 858 803 934 proscripsit:
831 868 873 930 tu,

84 951 162 1026 quod
174 951 316 1026 placebat,
330 952 434 1013 emisti.
486 952 576 1014 Quod
589 953 614 1010 si
628 953 677 1028 qui
690 955 874 1029 proscribunt

85 1053 103 1079 “
111 1046 208 1104 villum
223 1048 339 1119 bouem,
350 1049 481 1123 beneque
494 1049 695 1121 edificatam?
705 1069 765 1108 non
778 1051 875 1108 existi·

83 1156 199 1200 mantnt
220 1143 365 1217 fefellisse,
379 1144 466 1205 etiem
479 1145 504 1203 si
518 1146 568 1204 illa
587 1165 642 1205 nee
656 1147 732 1205 bons
750 1157 803 1220 est,
818 1166 874 1205 nec

83 1240 226 1298 edificate
246 1241 372 1312 ratione3
392 1242 483 1300 multo
499 1242 605 1316 minus,
619 1244 668 1318 qui
682 1245 800 1302 domum
814 1263 873 1303 non
885 1249 920 1298 ’10

83 1336 246 1394 leudrirunt
287 1337 345 1395 Ubi
365 1338 441 1396 enim
459 1338 601 1415 judicium
615 1341 750 1416 emptoris
764 1351 817 1412 est,
832 1341 871 1399 ibi

84 1432 163 1490 fraus
186 1433 343 1491 venditoris
369 1454 433 1510 quae
456 1445 550 1510 potest
573 1438 657 1494 essel
698 1436 751 1493 Sin
777 1448 872 1495 eutem

84 1528 195 1587 dietum
208 1548 267 1587 non
282 1549 368 1587 omne
385 1531 578 1606 praestandum
592 1541 652 1601 est3
674 1532 750 1606 quod
764 1533 872 1591 dietum

83 1643 144 1683 non
161 1635 215 1697 est,
230 1626 259 1684 id
280 1626 472 1702 prestandum
493 1628 599 1702 putasl
638 1627 721 1689 Quid
742 1647 810 1686 vero
830 1641 874 1688 est

84 1722 210 1793 stultius,
230 1742 314 1799 quarn
336 1724 524 1795 venditorem,
545 1724 607 1800 ejus
627 1726 680 1796 rei,
701 1745 786 1801 quem
808 1735 920 1783 ven-15

84 1818 143 1890 det,
165 1818 235 1877 ritis
257 1821 393 1878 narrare?
420 1820 488 1896 quid
510 1830 604 1878 autem
627 1834 684 1878 tam
708 1823 872 1895 absurdum,

84 1934 170 1990 quam
198 1915 232 1986 si,
261 1916 370 1973 domini
401 1916 492 1993 jussu,
520 1917 562 1974 ite
587 1936 683 1992 praeeo
715 1919 873 1995 praedioetl

84 2011 241 2069 “Domum
254 2011 435 2087 pestilentem
450 2013 571 2070 vendn.''

124 2107 176 2165 Sic
204 2127 284 2185 ergo,
312 2108 341 2165 in
374 2109 543 2184 quibusdam
576 2110 672 2168 causis
705 2111 810 2182 dubiis,
837 2131 873 2170 ex

85 2204 174 2263 alteri
202 2214 284 2280 parte
310 2204 474 2263 defenditur
499 2206 645 2278 honestas,
665 2225 702 2264 ex
723 2207 812 2265 elteri
832 2207 873 2266 ite
888 2214 920 2264 ω

84 2301 121 2358 de
142 2301 267 2359 utilitate
286 2300 402 2373 dieitur,
423 2312 455 2363 ut
477 2301 517 2373 id,
538 2303 616 2377 quod
642 2301 713 2360 utile
732 2303 871 2375 videntur,

83 2416 144 2456 non
164 2396 252 2455 modo
271 2395 369 2455 faeere
387 2397 538 2455 honestum
559 2398 611 2479 sit5
632 2397 682 2455 sed
702 2398 799 2469 etiem,
813 2417 873 2456 non

84 2493 192 2564 ssoere,
207 2503 299 2568 turpe.
340 2492 413 2551 Haee
426 2504 470 2551 est
483 2493 542 2565 illu,
556 2513 619 2569 quae
633 2494 745 2551 videtur
760 2495 872 2553 utilium

84 2589 147 2648 fieri
167 2608 234 2646 cum
256 2589 384 2647 honestis
400 2608 475 2666 saepe
489 2589 639 2647 dissensio.
679 2591 756 2665 Quq
771 2591 874 2668 dijudi-

85 2686 180 2744 canda
199 2696 283 2747 sunt:
304 2705 363 2744 non
381 2687 469 2760 enim,
482 2695 515 2744 ut
528 2704 729 2762 quereremus,
744 2689 874 2765 exposui·
890 2704 921 2752 25

86 2802 160 2855 mus,
181 2784 240 2865 seris
253 2792 284 2841 ut
304 2781 520 2860 explicaremus.
562 2785 630 2843 Non
655 2784 741 2863 igitur
763 2785 875 2843 videtur

85 2898 142 2937 nee
163 2880 366 2941 frumentarius
386 2880 435 2937 ille
461 2880 605 2953 Rhodios,
625 2900 681 2940 neo
702 2882 749 2939 bie
769 2881 874 2939 aedium
913 2866 915 2871 ¹

86 2977 229 3048 venditor,
264 2975 361 3035 oelnre
396 2985 537 3053 emptores
574 2978 715 3037 debuisse.
770 2977 874 3052 Neque
