2200 3492
109 182 206 274 cnr]
399 214 444 262 nn
463 214 609 263 omens.
888 202 944 259 latr

109 372 139 421 et
167 363 275 441 Pelope
301 364 456 442 proditum,
480 366 546 442 jure
576 358 767 422 obtinebatur.
821 362 898 420 Nam

110 471 220 535 quanto
241 462 337 538 plures
355 462 383 519 ei
403 462 464 539 regi
485 472 580 538 putas,
594 462 642 538 qui
657 460 784 518 exercitu
800 459 898 536 populi

111 556 240 614 Romani
261 557 396 633 populum
411 558 503 632 ipsum
517 557 685 614 Romanum
702 555 897 631 oppressisset,

110 652 314 729 civitatemque
334 672 392 710 uon
414 652 500 710 modo
519 653 650 723 liberam,
664 652 715 709 sed
729 652 816 709 etiam
830 670 899 728 gen·

110 750 190 806 tibus
205 750 400 825 imperantem,
415 749 521 809 seruire
534 749 590 805 sihi
604 749 770 827 coegissetl
810 748 899 806 Hunc
926 754 943 801 5

111 856 141 903 tu
164 865 234 920 ques
255 844 439 903 conscientie
458 845 538 903 labes
559 845 588 901 in
610 846 706 904 animo
728 865 830 902 censes
850 845 899 903 hs·

112 941 230 999 buissel
257 961 319 1016 quae
340 941 477 999 vulnerat
531 942 623 1019 Cujus
644 951 739 998 autem
760 942 817 999 vita
844 942 898 1019 ipsi

110 1050 206 1113 potest
227 1038 304 1096 utilis
324 1058 397 1110 esse,
412 1058 478 1096 cum
499 1039 561 1116 ejus
572 1039 640 1117 rite
654 1058 690 1096 ea
703 1038 831 1097 conditio
850 1039 897 1109 sit,

111 1148 153 1207 ut,
182 1135 230 1209 qui
258 1134 335 1192 illam
368 1135 514 1211 eripuerit,
542 1134 572 1198 in
600 1134 724 1192 maximi
750 1145 780 1192 et
806 1135 897 1212 gratit

113 1230 225 1287 futurus
245 1230 282 1286 sit
300 1240 330 1288 et
349 1230 463 1311 gloria?
501 1230 591 1292 Quod
611 1230 635 1287 si
656 1231 718 1288 haec
739 1231 821 1288 utilia
840 1248 896 1287 non
913 1240 943 1287 ιο

111 1336 189 1397 sunt,
216 1346 278 1402 que
308 1327 430 1385 maxime
457 1327 599 1398 videntur,
626 1327 695 1403 quia
719 1329 805 1404 plena
831 1338 899 1385 sunt

111 1423 264 1479 dedecoris
285 1443 319 1481 ac
339 1423 540 1500 turpitudinis;
561 1424 631 1504 satis
650 1441 816 1499 persuasum
834 1443 898 1481 esse

112 1519 208 1589 dehet,
232 1518 304 1577 nihil
328 1539 391 1578 esse
414 1519 493 1591 utile,
514 1519 590 1595 quod
616 1538 674 1576 non
699 1518 776 1576 idem
797 1519 899 1576 hones·

111 1626 172 1672 tum
186 1615 231 1672 sit.

153 1807 253 1866 XXII.
276 1808 451 1886 Quanquam
466 1810 494 1866 id
509 1809 635 1885 quidem,
646 1828 712 1868 cum
727 1828 803 1886 supe
818 1809 897 1882 alias,
914 1816 944 1863 lt

112 1915 173 1962 turn
194 1903 296 1980 Pyrrhi
314 1905 389 1965 bello
403 1926 420 1964 a
433 1907 467 1964 C.
482 1906 629 1978 Fabricio,
644 1907 897 1979 consuleiterum,

111 2015 141 2060 et
163 2021 178 2058 a
199 2013 299 2060 senatu
320 2014 429 2073 nostro,
447 2004 606 2079 judicatum
628 2014 679 2061 est.
721 2004 796 2062 Cum
821 2004 898 2062 enim

112 2117 163 2156 res
182 2100 308 2175 Pyrrhus
328 2100 434 2176 populo
454 2099 590 2156 Romano
604 2101 710 2157 bellurn
732 2101 807 2158 ultro
826 2102 899 2157 intu-

112 2195 202 2264 lisset,
223 2214 346 2270 cumque
365 2196 402 2253 de
423 2195 542 2271 imperio
570 2205 716 2253 certamen
737 2208 812 2252 esset
831 2213 898 2252 cum

112 2310 182 2368 rege
201 2311 342 2368 generoso
364 2311 398 2350 ac
417 2302 549 2368 potente3
571 2292 691 2367 perfuga
711 2293 747 2348 ab
767 2308 802 2348 eo
821 2291 900 2347 venit
913 2295 945 2344 20
978 2360 980 2365 .

113 2389 142 2445 in
164 2400 258 2449 castra
279 2388 415 2457 Fabricii,
436 2389 520 2464 eique
541 2399 585 2445 est
610 2388 765 2464 pollicitus,
786 2387 810 2444 si
829 2407 900 2463 prae-

112 2485 202 2541 mium
223 2483 278 2540 sihi
299 2483 503 2560 proposuisset,
518 2503 559 2554 se,
574 2493 606 2539 ut
620 2483 693 2540 clam
709 2481 842 2556 venisset,
856 2483 900 2541 sic

111 2580 187 2637 clam
203 2579 232 2636 in
246 2578 348 2655 Pyrrhi
369 2589 463 2636 castra
481 2580 650 2649 rediturum,
666 2588 695 2635 et
708 2597 774 2636 eum
789 2599 900 2638 veneno

111 2685 291 2733 necaturum.
333 2675 422 2732 Hunc
443 2675 595 2733 Fabricius
609 2674 805 2732 reducendum
820 2695 902 2733 cura-
973 2746 975 2751 ⁴

111 2773 152 2829 rit
177 2772 212 2828 ad
235 2771 393 2847 Pyrrhum:
429 2771 515 2847 idque
541 2771 649 2828 sactum
672 2771 735 2849 ejus
760 2792 776 2829 a
799 2782 900 2829 senatu
915 2776 946 2823 25

111 2867 259 2925 laudatum
274 2877 326 2925 est.
369 2867 469 2942 Atqui,
483 2867 507 2924 si
522 2868 648 2947 speciem
665 2869 796 2927 utilitatis
810 2868 902 2943 opini-

111 2983 255 3039 onemque
279 2963 448 3038 querimus„
465 2982 599 3041 maguum
621 2963 690 3022 illud
711 2964 816 3023 bellum
839 2982 901 3039 per·
