<?xml version="1.0" encoding="UTF-8"?>
<!DOCTYPE html PUBLIC "-//W3C//DTD XHTML 1.0 Transitional//EN"
    "http://www.w3.org/TR/xhtml1/DTD/xhtml1-transitional.dtd">
<html xmlns="http://www.w3.org/1999/xhtml" xml:lang="en" lang="en">
 <head>
  <title>
</title>
<meta http-equiv="Content-Type" content="text/html;charset=utf-8" />
  <meta name='ocr-system' content='tesseract 3.04.00' />
  <meta name='ocr-capabilities' content='ocr_page ocr_carea ocr_par ocr_line ocrx_word'/>
</head>
<body>
  <div class='ocr_page' id='page_1' title='image "./mtciceronisdeof04cicegoog/mtciceronisdeof04cicegoog_0158.png"; bbox 0 0 2200 3492; ppageno 0'>
   <div class='ocr_carea' id='block_1_1' title="bbox 171 173 1008 243">
    <p class='ocr_par' dir='ltr' id='par_1_1' title="bbox 171 173 1008 243">
     <span class='ocr_line' id='line_1_1' title="bbox 171 173 1008 243; baseline -0.005 -10"><span class='ocrx_word' id='word_1_1' title='bbox 171 173 230 233; x_wconf 69' lang='lat' dir='ltr'>les</span> <span class='ocrx_word' id='word_1_2' title='bbox 504 183 549 231; x_wconf 84' lang='lat' dir='ltr'>nn</span> <span class='ocrx_word' id='word_1_3' title='bbox 569 183 717 231; x_wconf 66' lang='lat' dir='ltr'>ornere</span> <span class='ocrx_word' id='word_1_4' title='bbox 912 182 1008 243; x_wconf 75' lang='lat' dir='ltr'>[nna</span> 
     </span>
    </p>
   </div>
   <div class='ocr_carea' id='block_1_2' title="bbox 186 330 1083 1181">
    <p class='ocr_par' dir='ltr' id='par_1_2' title="bbox 214 330 1083 703">
     <span class='ocr_line' id='line_1_2' title="bbox 214 330 1010 410; baseline 0.001 -20"><span class='ocrx_word' id='word_1_5' title='bbox 214 330 337 410; x_wconf 73' lang='lat' dir='ltr'>intelligi</span> <span class='ocrx_word' id='word_1_6' title='bbox 356 332 452 405; x_wconf 89' lang='lat' dir='ltr'>debet,</span> <span class='ocrx_word' id='word_1_7' title='bbox 473 332 556 391; x_wconf 88' lang='lat' dir='ltr'>illum</span> <span class='ocrx_word' id='word_1_8' title='bbox 575 332 680 391; x_wconf 87' lang='lat' dir='ltr'>mentis</span> <span class='ocrx_word' id='word_1_9' title='bbox 701 331 869 410; x_wconf 73' lang='lat' dir='ltr'>agitatione,</span> <span class='ocrx_word' id='word_1_10' title='bbox 891 330 1010 391; x_wconf 84' lang='lat' dir='ltr'>investi·</span> 
     </span>
     <span class='ocr_line' id='line_1_3' title="bbox 214 427 1009 507; baseline -0.001 -21"><span class='ocrx_word' id='word_1_11' title='bbox 214 428 385 507; x_wconf 80' lang='lat' dir='ltr'>gationeqne</span> <span class='ocrx_word' id='word_1_12' title='bbox 412 447 511 487; x_wconf 87' lang='lat' dir='ltr'>earum</span> <span class='ocrx_word' id='word_1_13' title='bbox 538 447 635 487; x_wconf 91' lang='lat' dir='ltr'>rerum</span> <span class='ocrx_word' id='word_1_14' title='bbox 661 447 734 504; x_wconf 86' lang='lat' dir='ltr'>quas</span> <span class='ocrx_word' id='word_1_15' title='bbox 757 427 913 505; x_wconf 84' lang='lat' dir='ltr'>cogitando</span> <span class='ocrx_word' id='word_1_16' title='bbox 938 446 1009 486; x_wconf 87' lang='lat' dir='ltr'>con·</span> 
     </span>
     <span class='ocr_line' id='line_1_4' title="bbox 214 524 1008 600; baseline 0 -18"><span class='ocrx_word' id='word_1_17' title='bbox 214 525 396 600; x_wconf 69' lang='lat' dir='ltr'><strong>sequebatur,</strong></span> <span class='ocrx_word' id='word_1_18' title='bbox 424 544 480 583; x_wconf 89' lang='lat' dir='ltr'>nec</span> <span class='ocrx_word' id='word_1_19' title='bbox 507 525 633 583; x_wconf 85' lang='lat' dir='ltr'>otiosum</span> <span class='ocrx_word' id='word_1_20' title='bbox 663 544 720 583; x_wconf 89' lang='lat' dir='ltr'>nec</span> <span class='ocrx_word' id='word_1_21' title='bbox 752 524 846 583; x_wconf 87' lang='lat' dir='ltr'>solum</span> <span class='ocrx_word' id='word_1_22' title='bbox 879 544 1008 600; x_wconf 87' lang='lat' dir='ltr'>unquam</span> 
     </span>
     <span class='ocr_line' id='line_1_5' title="bbox 215 621 1083 703; baseline 0 -23"><span class='ocrx_word' id='word_1_23' title='bbox 215 621 310 680; x_wconf 83' lang='lat' dir='ltr'>fuisse.</span> <span class='ocrx_word' id='word_1_24' title='bbox 366 621 431 679; x_wconf 89' lang='lat' dir='ltr'>Nos</span> <span class='ocrx_word' id='word_1_25' title='bbox 458 631 565 694; x_wconf 87' lang='lat' dir='ltr'>autem,</span> <span class='ocrx_word' id='word_1_26' title='bbox 592 621 642 698; x_wconf 90' lang='lat' dir='ltr'>qui</span> <span class='ocrx_word' id='word_1_27' title='bbox 667 640 729 679; x_wconf 90' lang='lat' dir='ltr'>non</span> <span class='ocrx_word' id='word_1_28' title='bbox 755 630 868 679; x_wconf 90' lang='lat' dir='ltr'>tantum</span> <span class='ocrx_word' id='word_1_29' title='bbox 895 622 1008 703; x_wconf 83' lang='lat' dir='ltr'>roboris</span> <span class='ocrx_word' id='word_1_30' title='bbox 1082 686 1083 691; x_wconf 9' lang='grc' dir='ltr'>η</span> 
     </span>
    </p>

    <p class='ocr_par' dir='ltr' id='par_1_3' title="bbox 186 717 1009 1181">
     <span class='ocr_line' id='line_1_6' title="bbox 186 717 1009 795; baseline 0 -19"><span class='ocrx_word' id='word_1_31' title='bbox 186 718 363 789; x_wconf 78' lang='lat' dir='ltr'>thabemus‚</span> <span class='ocrx_word' id='word_1_32' title='bbox 385 728 417 777; x_wconf 89' lang='lat' dir='ltr'>ut</span> <span class='ocrx_word' id='word_1_33' title='bbox 436 717 615 795; x_wconf 76' lang='lat' dir='ltr'>cogitatione</span> <span class='ocrx_word' id='word_1_34' title='bbox 636 719 725 778; x_wconf 71' lang='lat' dir='ltr'>taciti</span> <span class='ocrx_word' id='word_1_35' title='bbox 746 738 763 775; x_wconf 91' lang='lat' dir='ltr'>a</span> <span class='ocrx_word' id='word_1_36' title='bbox 782 717 938 777; x_wconf 78' lang='lat' dir='ltr'>solitudine</span> <span class='ocrx_word' id='word_1_37' title='bbox 960 719 1009 776; x_wconf 89' lang='lat' dir='ltr'>ab·</span> 
     </span>
     <span class='ocr_line' id='line_1_7' title="bbox 215 814 1009 892; baseline 0.001 -19"><span class='ocrx_word' id='word_1_38' title='bbox 215 814 385 887; x_wconf 82' lang='lat' dir='ltr'>strahemnr,</span> <span class='ocrx_word' id='word_1_39' title='bbox 414 814 449 872; x_wconf 92' lang='lat' dir='ltr'>ad</span> <span class='ocrx_word' id='word_1_40' title='bbox 483 814 561 873; x_wconf 81' lang='lat' dir='ltr'>hanc</span> <span class='ocrx_word' id='word_1_41' title='bbox 593 815 739 875; x_wconf 87' lang='lat' dir='ltr'>scribendi</span> <span class='ocrx_word' id='word_1_42' title='bbox 772 834 890 892; x_wconf 85' lang='lat' dir='ltr'>operam</span> <span class='ocrx_word' id='word_1_43' title='bbox 920 834 1009 874; x_wconf 88' lang='lat' dir='ltr'>omne</span> 
     </span>
     <span class='ocr_line' id='line_1_8' title="bbox 214 911 1008 989; baseline 0.003 -20"><span class='ocrx_word' id='word_1_44' title='bbox 214 911 340 970; x_wconf 92' lang='lat' dir='ltr'>studium</span> <span class='ocrx_word' id='word_1_45' title='bbox 369 930 525 988; x_wconf 86' lang='lat' dir='ltr'>curamque</span> <span class='ocrx_word' id='word_1_46' title='bbox 551 913 755 972; x_wconf 78' lang='lat' dir='ltr'>convertimus.</span> <span class='ocrx_word' id='word_1_47' title='bbox 796 911 899 989; x_wconf 89' lang='lat' dir='ltr'>Itaque</span> <span class='ocrx_word' id='word_1_48' title='bbox 924 912 1008 989; x_wconf 84' lang='lat' dir='ltr'>plurs</span> 
     </span>
     <span class='ocr_line' id='line_1_9' title="bbox 215 1008 1008 1085; baseline 0.003 -20"><span class='ocrx_word' id='word_1_49' title='bbox 215 1008 295 1066; x_wconf 83' lang='lat' dir='ltr'>brevi</span> <span class='ocrx_word' id='word_1_50' title='bbox 314 1021 453 1085; x_wconf 79' lang='lat' dir='ltr'>tempore,</span> <span class='ocrx_word' id='word_1_51' title='bbox 468 1009 578 1081; x_wconf 73' lang='lat' dir='ltr'>eversi,</span> <span class='ocrx_word' id='word_1_52' title='bbox 593 1028 679 1085; x_wconf 85' lang='lat' dir='ltr'>quarn</span> <span class='ocrx_word' id='word_1_53' title='bbox 693 1009 790 1069; x_wconf 85' lang='lat' dir='ltr'>multis</span> <span class='ocrx_word' id='word_1_54' title='bbox 804 1009 898 1081; x_wconf 89' lang='lat' dir='ltr'>annis,</span> <span class='ocrx_word' id='word_1_55' title='bbox 911 1019 1008 1067; x_wconf 89' lang='lat' dir='ltr'>stante</span> 
     </span>
     <span class='ocr_line' id='line_1_10' title="bbox 215 1104 565 1181; baseline 0 -19"><span class='ocrx_word' id='word_1_56' title='bbox 215 1104 374 1181; x_wconf 77' lang='lat' dir='ltr'>republicd,</span> <span class='ocrx_word' id='word_1_57' title='bbox 388 1105 565 1180; x_wconf 79' lang='lat' dir='ltr'>scripsimus.</span> 
     </span>
    </p>
   </div>
   <div class='ocr_carea' id='block_1_3' title="bbox 172 1296 1048 1665">
    <p class='ocr_par' dir='ltr' id='par_1_4' title="bbox 172 1296 1048 1665">
     <span class='ocr_line' id='line_1_11' title="bbox 172 1296 1008 1377; baseline 0.004 -23"><span class='ocrx_word' id='word_1_58' title='bbox 172 1314 204 1364; x_wconf 70' lang='grc' dir='ltr'>ιο</span> <span class='ocrx_word' id='word_1_59' title='bbox 253 1296 294 1357; x_wconf 86' lang='lat'>11.</span> <span class='ocrx_word' id='word_1_60' title='bbox 323 1298 391 1371; x_wconf 88' lang='lat' dir='ltr'>Sed,</span> <span class='ocrx_word' id='word_1_61' title='bbox 419 1318 487 1357; x_wconf 88' lang='lat' dir='ltr'>cum</span> <span class='ocrx_word' id='word_1_62' title='bbox 513 1308 575 1356; x_wconf 87' lang='lat' dir='ltr'>tota</span> <span class='ocrx_word' id='word_1_63' title='bbox 600 1298 792 1377; x_wconf 84' lang='lat' dir='ltr'>philosophia,</span> <span class='ocrx_word' id='word_1_64' title='bbox 820 1298 861 1357; x_wconf 93' lang='lat' dir='ltr'>mi</span> <span class='ocrx_word' id='word_1_65' title='bbox 888 1299 1008 1370; x_wconf 89' lang='lat' dir='ltr'>Cicero,</span> 
     </span>
     <span class='ocr_line' id='line_1_12' title="bbox 215 1393 1048 1473; baseline 0.002 -20"><span class='ocrx_word' id='word_1_66' title='bbox 215 1393 352 1471; x_wconf 79' lang='lat' dir='ltr'>frugifera</span> <span class='ocrx_word' id='word_1_67' title='bbox 372 1406 401 1453; x_wconf 87' lang='lat' dir='ltr'>et</span> <span class='ocrx_word' id='word_1_68' title='bbox 422 1395 579 1468; x_wconf 81' lang='lat' dir='ltr'>fructuosa,</span> <span class='ocrx_word' id='word_1_69' title='bbox 593 1415 649 1454; x_wconf 87' lang='lat' dir='ltr'>nec</span> <span class='ocrx_word' id='word_1_70' title='bbox 667 1396 727 1454; x_wconf 90' lang='lat' dir='ltr'>ulla</span> <span class='ocrx_word' id='word_1_71' title='bbox 738 1415 805 1472; x_wconf 88' lang='lat' dir='ltr'>pars</span> <span class='ocrx_word' id='word_1_72' title='bbox 818 1395 881 1473; x_wconf 85' lang='lat' dir='ltr'>ejus</span> <span class='ocrx_word' id='word_1_73' title='bbox 896 1396 1010 1455; x_wconf 82' lang='lat' dir='ltr'>inculta</span> <span class='ocrx_word' id='word_1_74' title='bbox 1046 1426 1048 1428; x_wconf 95' lang='lat'>·</span> 
     </span>
     <span class='ocr_line' id='line_1_13' title="bbox 216 1490 1010 1562; baseline 0.003 -13"><span class='ocrx_word' id='word_1_75' title='bbox 216 1509 251 1549; x_wconf 87' lang='lat' dir='ltr'>ac</span> <span class='ocrx_word' id='word_1_76' title='bbox 269 1490 385 1550; x_wconf 87' lang='lat' dir='ltr'>deserta</span> <span class='ocrx_word' id='word_1_77' title='bbox 403 1490 456 1562; x_wconf 80' lang='lat' dir='ltr'>sit3</span> <span class='ocrx_word' id='word_1_78' title='bbox 477 1501 539 1549; x_wconf 88' lang='lat' dir='ltr'>tum</span> <span class='ocrx_word' id='word_1_79' title='bbox 559 1491 656 1551; x_wconf 88' lang='lat' dir='ltr'>nullus</span> <span class='ocrx_word' id='word_1_80' title='bbox 676 1491 799 1551; x_wconf 88' lang='lat' dir='ltr'>feracior</span> <span class='ocrx_word' id='word_1_81' title='bbox 819 1491 907 1550; x_wconf 76' lang='lat' dir='ltr'>inei</span> <span class='ocrx_word' id='word_1_82' title='bbox 924 1492 1010 1551; x_wconf 87' lang='lat' dir='ltr'>locos</span> 
     </span>
     <span class='ocr_line' id='line_1_14' title="bbox 215 1568 1010 1665; baseline 0.004 -20"><span class='ocrx_word' id='word_1_83' title='bbox 215 1598 259 1645; x_wconf 86' lang='lat' dir='ltr'>est</span> <span class='ocrx_word' id='word_1_84' title='bbox 278 1605 335 1646; x_wconf 88' lang='lat' dir='ltr'>nec</span> <span class='ocrx_word' id='word_1_85' title='bbox 355 1588 480 1661; x_wconf 80' lang='lat' dir='ltr'>uberior,</span> <span class='ocrx_word' id='word_1_86' title='bbox 493 1607 581 1664; x_wconf 88' lang='lat' dir='ltr'>quam</span> <span class='ocrx_word' id='word_1_87' title='bbox 601 1589 638 1647; x_wconf 90' lang='lat' dir='ltr'>de</span> <span class='ocrx_word' id='word_1_88' title='bbox 658 1588 772 1662; x_wconf 87' lang='lat' dir='ltr'>officiis,</span> <span class='ocrx_word' id='word_1_89' title='bbox 787 1568 1010 1665; x_wconf 68' lang='lat' dir='ltr'>aquibus³0on</span> 
     </span>
    </p>
   </div>
   <div class='ocr_carea' id='block_1_4' title="bbox 171 1684 1011 3013">
    <p class='ocr_par' dir='ltr' id='par_1_5' title="bbox 171 1684 1011 3013">
     <span class='ocr_line' id='line_1_15' title="bbox 214 1684 1008 1762; baseline 0.006 -22"><span class='ocrx_word' id='word_1_90' title='bbox 214 1693 323 1742; x_wconf 69' lang='lat' dir='ltr'>stanter</span> <span class='ocrx_word' id='word_1_91' title='bbox 344 1684 521 1760; x_wconf 83' lang='lat' dir='ltr'>honesteque</span> <span class='ocrx_word' id='word_1_92' title='bbox 541 1685 656 1743; x_wconf 79' lang='lat' dir='ltr'>vivendi</span> <span class='ocrx_word' id='word_1_93' title='bbox 679 1695 827 1762; x_wconf 64' lang='lat' dir='ltr'>‚precepta</span> <span class='ocrx_word' id='word_1_94' title='bbox 850 1685 1008 1745; x_wconf 88' lang='lat' dir='ltr'>ducuntur.</span> 
     </span>
     <span class='ocr_line' id='line_1_16' title="bbox 173 1778 1009 1858; baseline 0.008 -25"><span class='ocrx_word' id='word_1_95' title='bbox 173 1782 204 1834; x_wconf 84' lang='lat'>15</span> <span class='ocrx_word' id='word_1_96' title='bbox 213 1778 326 1851; x_wconf 82' lang='lat' dir='ltr'>Quare,</span> <span class='ocrx_word' id='word_1_97' title='bbox 347 1797 510 1855; x_wconf 85' lang='lat' dir='ltr'>quanquam</span> <span class='ocrx_word' id='word_1_98' title='bbox 535 1799 552 1838; x_wconf 84' lang='lat' dir='ltr'>a</span> <span class='ocrx_word' id='word_1_99' title='bbox 578 1780 717 1858; x_wconf 84' lang='lat' dir='ltr'>Cratippo</span> <span class='ocrx_word' id='word_1_100' title='bbox 743 1790 852 1852; x_wconf 84' lang='lat' dir='ltr'>nostro,</span> <span class='ocrx_word' id='word_1_101' title='bbox 872 1782 1009 1858; x_wconf 88' lang='lat' dir='ltr'>principe</span> 
     </span>
     <span class='ocr_line' id='line_1_17' title="bbox 215 1862 1010 1954; baseline 0.008 -23"><span class='ocrx_word' id='word_1_102' title='bbox 215 1874 299 1950; x_wconf 86' lang='lat' dir='ltr'>hujus</span> <span class='ocrx_word' id='word_1_103' title='bbox 320 1875 466 1933; x_wconf 74' lang='lat' dir='ltr'>memorien</span> <span class='ocrx_word' id='word_1_104' title='bbox 489 1876 736 1954; x_wconf 88' lang='lat' dir='ltr'>philosophorum,</span> <span class='ocrx_word' id='word_1_105' title='bbox 757 1862 830 1936; x_wconf 51' lang='lat' dir='ltr'>haec‘</span> <span class='ocrx_word' id='word_1_106' title='bbox 841 1889 870 1936; x_wconf 87' lang='lat' dir='ltr'>te</span> <span class='ocrx_word' id='word_1_107' title='bbox 892 1880 1010 1937; x_wconf 76' lang='lat' dir='ltr'>assidue</span> 
     </span>
     <span class='ocr_line' id='line_1_18' title="bbox 215 1969 1010 2048; baseline 0.006 -20"><span class='ocrx_word' id='word_1_108' title='bbox 215 1969 314 2028; x_wconf 89' lang='lat' dir='ltr'>audire</span> <span class='ocrx_word' id='word_1_109' title='bbox 330 1980 414 2046; x_wconf 89' lang='lat' dir='ltr'>atque</span> <span class='ocrx_word' id='word_1_110' title='bbox 429 1971 562 2048; x_wconf 88' lang='lat' dir='ltr'>accipere</span> <span class='ocrx_word' id='word_1_111' title='bbox 576 1973 707 2044; x_wconf 87' lang='lat' dir='ltr'>conlido;</span> <span class='ocrx_word' id='word_1_112' title='bbox 729 1984 826 2033; x_wconf 84' lang='lat' dir='ltr'>tamen</span> <span class='ocrx_word' id='word_1_113' title='bbox 840 1976 1010 2033; x_wconf 86' lang='lat' dir='ltr'>conducere</span> 
     </span>
     <span class='ocr_line' id='line_1_19' title="bbox 215 2066 1010 2147; baseline 0.008 -23"><span class='ocrx_word' id='word_1_114' title='bbox 215 2066 346 2139; x_wconf 84' lang='lat' dir='ltr'>arbitror,</span> <span class='ocrx_word' id='word_1_115' title='bbox 360 2067 467 2125; x_wconf 88' lang='lat' dir='ltr'>talibus</span> <span class='ocrx_word' id='word_1_116' title='bbox 488 2084 572 2127; x_wconf 86' lang='lat' dir='ltr'>aures</span> <span class='ocrx_word' id='word_1_117' title='bbox 592 2071 788 2129; x_wconf 74' lang='lat' dir='ltr'>tunsionibus</span> <span class='ocrx_word' id='word_1_118' title='bbox 809 2071 941 2147; x_wconf 91' lang='lat' dir='ltr'>undique</span> <span class='ocrx_word' id='word_1_119' title='bbox 955 2073 1010 2130; x_wconf 89' lang='lat' dir='ltr'>cir·</span> 
     </span>
     <span class='ocr_line' id='line_1_20' title="bbox 215 2166 1010 2245; baseline 0.006 -23"><span class='ocrx_word' id='word_1_120' title='bbox 215 2182 401 2236; x_wconf 80' lang='lat' dir='ltr'>cumsonare3</span> <span class='ocrx_word' id='word_1_121' title='bbox 432 2185 488 2223; x_wconf 86' lang='lat' dir='ltr'>nec</span> <span class='ocrx_word' id='word_1_122' title='bbox 510 2185 569 2237; x_wconf 89' lang='lat' dir='ltr'>eas,</span> <span class='ocrx_word' id='word_1_123' title='bbox 593 2166 619 2224; x_wconf 92' lang='lat' dir='ltr'>si</span> <span class='ocrx_word' id='word_1_124' title='bbox 642 2167 704 2224; x_wconf 87' lang='lat' dir='ltr'>fieri</span> <span class='ocrx_word' id='word_1_125' title='bbox 727 2167 827 2244; x_wconf 89' lang='lat' dir='ltr'>possit,</span> <span class='ocrx_word' id='word_1_126' title='bbox 850 2169 1010 2245; x_wconf 87' lang='lat' dir='ltr'>quidquam</span> 
     </span>
     <span class='ocr_line' id='line_1_21' title="bbox 171 2260 1010 2339; baseline 0.01 -23"><span class='ocrx_word' id='word_1_127' title='bbox 171 2260 293 2320; x_wconf 61' lang='lat' dir='ltr'>malind</span> <span class='ocrx_word' id='word_1_128' title='bbox 318 2262 426 2321; x_wconf 87' lang='lat' dir='ltr'>audire.</span> <span class='ocrx_word' id='word_1_129' title='bbox 466 2262 557 2324; x_wconf 82' lang='lat' dir='ltr'>Quod</span> <span class='ocrx_word' id='word_1_130' title='bbox 584 2283 651 2321; x_wconf 86' lang='lat' dir='ltr'>oum</span> <span class='ocrx_word' id='word_1_131' title='bbox 678 2264 812 2322; x_wconf 85' lang='lat' dir='ltr'>omnibus</span> <span class='ocrx_word' id='word_1_132' title='bbox 833 2275 878 2322; x_wconf 83' lang='lat' dir='ltr'>est</span> <span class='ocrx_word' id='word_1_133' title='bbox 900 2266 1010 2339; x_wconf 82' lang='lat' dir='ltr'>sacien-</span> 
     </span>
     <span class='ocr_line' id='line_1_22' title="bbox 214 2356 1010 2436; baseline 0.008 -23"><span class='ocrx_word' id='word_1_134' title='bbox 214 2356 293 2429; x_wconf 87' lang='lat' dir='ltr'>dum,</span> <span class='ocrx_word' id='word_1_135' title='bbox 308 2358 357 2434; x_wconf 92' lang='lat' dir='ltr'>qui</span> <span class='ocrx_word' id='word_1_136' title='bbox 378 2358 463 2419; x_wconf 88' lang='lat' dir='ltr'>vitam</span> <span class='ocrx_word' id='word_1_137' title='bbox 485 2358 636 2415; x_wconf 88' lang='lat' dir='ltr'>honestam</span> <span class='ocrx_word' id='word_1_138' title='bbox 657 2359 769 2436; x_wconf 84' lang='lat' dir='ltr'>ingredi</span> <span class='ocrx_word' id='word_1_139' title='bbox 790 2360 933 2436; x_wconf 84' lang='lat' dir='ltr'>cogitant,</span> <span class='ocrx_word' id='word_1_140' title='bbox 948 2372 1010 2420; x_wconf 89' lang='lat' dir='ltr'>tum</span> 
     </span>
     <span class='ocr_line' id='line_1_23' title="bbox 215 2453 1011 2532; baseline 0.01 -23"><span class='ocrx_word' id='word_1_141' title='bbox 215 2453 291 2511; x_wconf 88' lang='lat' dir='ltr'>haud</span> <span class='ocrx_word' id='word_1_142' title='bbox 312 2454 384 2527; x_wconf 88' lang='lat' dir='ltr'>scio,</span> <span class='ocrx_word' id='word_1_143' title='bbox 400 2474 436 2512; x_wconf 89' lang='lat' dir='ltr'>an</span> <span class='ocrx_word' id='word_1_144' title='bbox 456 2454 566 2513; x_wconf 88' lang='lat' dir='ltr'>nemini</span> <span class='ocrx_word' id='word_1_145' title='bbox 586 2455 692 2530; x_wconf 88' lang='lat' dir='ltr'>potius,</span> <span class='ocrx_word' id='word_1_146' title='bbox 707 2475 792 2532; x_wconf 78' lang='lat' dir='ltr'>quem</span> <span class='ocrx_word' id='word_1_147' title='bbox 810 2456 873 2514; x_wconf 93' lang='lat' dir='ltr'>tibi.</span> <span class='ocrx_word' id='word_1_148' title='bbox 918 2459 1011 2517; x_wconf 88' lang='lat' dir='ltr'>Susti-</span> 
     </span>
     <span class='ocr_line' id='line_1_24' title="bbox 214 2549 1009 2627; baseline 0.009 -21"><span class='ocrx_word' id='word_1_149' title='bbox 214 2567 266 2606; x_wconf 89' lang='lat' dir='ltr'>nes</span> <span class='ocrx_word' id='word_1_150' title='bbox 286 2549 364 2607; x_wconf 87' lang='lat' dir='ltr'>enirn</span> <span class='ocrx_word' id='word_1_151' title='bbox 385 2570 444 2608; x_wconf 90' lang='lat' dir='ltr'>non</span> <span class='ocrx_word' id='word_1_152' title='bbox 464 2570 581 2627; x_wconf 83' lang='lat' dir='ltr'>parram</span> <span class='ocrx_word' id='word_1_153' title='bbox 601 2552 845 2627; x_wconf 83' lang='lat' dir='ltr'>exspectationem</span> <span class='ocrx_word' id='word_1_154' title='bbox 860 2553 1009 2613; x_wconf 84' lang='lat' dir='ltr'>imitandae</span> 
     </span>
     <span class='ocr_line' id='line_1_25' title="bbox 215 2642 1009 2723; baseline 0.009 -22"><span class='ocrx_word' id='word_1_155' title='bbox 215 2642 363 2704; x_wconf 75' lang='lat' dir='ltr'>industrie</span> <span class='ocrx_word' id='word_1_156' title='bbox 384 2655 500 2717; x_wconf 70' lang='lat' dir='ltr'>nostrae,</span> <span class='ocrx_word' id='word_1_157' title='bbox 515 2665 649 2723; x_wconf 83' lang='lat' dir='ltr'>magnam</span> <span class='ocrx_word' id='word_1_158' title='bbox 670 2647 822 2720; x_wconf 86' lang='lat' dir='ltr'>honorum¹</span> <span class='ocrx_word' id='word_1_159' title='bbox 837 2650 1009 2708; x_wconf 86' lang='lat' dir='ltr'>nonnullam</span> 
     </span>
     <span class='ocr_line' id='line_1_26' title="bbox 171 2740 1011 2822; baseline 0.01 -25"><span class='ocrx_word' id='word_1_160' title='bbox 171 2740 334 2799; x_wconf 67' lang='lat' dir='ltr'>suscitasse</span> <span class='ocrx_word' id='word_1_161' title='bbox 368 2741 501 2798; x_wconf 89' lang='lat' dir='ltr'>nominis.</span> <span class='ocrx_word' id='word_1_162' title='bbox 563 2743 723 2819; x_wconf 84' lang='lat' dir='ltr'>Suscepisti</span> <span class='ocrx_word' id='word_1_163' title='bbox 760 2763 835 2802; x_wconf 90' lang='lat' dir='ltr'>onus</span> <span class='ocrx_word' id='word_1_164' title='bbox 868 2757 1011 2822; x_wconf 84' lang='lat' dir='ltr'>praeterea</span> 
     </span>
     <span class='ocr_line' id='line_1_27' title="bbox 214 2837 1008 2918; baseline 0.009 -23"><span class='ocrx_word' id='word_1_165' title='bbox 214 2856 301 2918; x_wconf 80' lang='lat' dir='ltr'>grave</span> <span class='ocrx_word' id='word_1_166' title='bbox 320 2846 350 2895; x_wconf 91' lang='lat' dir='ltr'>et</span> <span class='ocrx_word' id='word_1_167' title='bbox 370 2837 551 2898; x_wconf 86' lang='lat' dir='ltr'>Athenarum</span> <span class='ocrx_word' id='word_1_168' title='bbox 565 2849 595 2896; x_wconf 97' lang='lat' dir='ltr'>et</span> <span class='ocrx_word' id='word_1_169' title='bbox 609 2840 755 2917; x_wconf 84' lang='lat' dir='ltr'>Cratippi;</span> <span class='ocrx_word' id='word_1_170' title='bbox 778 2841 814 2899; x_wconf 91' lang='lat' dir='ltr'>ad</span> <span class='ocrx_word' id='word_1_171' title='bbox 834 2861 908 2917; x_wconf 89' lang='lat' dir='ltr'>quos</span> <span class='ocrx_word' id='word_1_172' title='bbox 930 2863 1008 2915; x_wconf 86' lang='lat' dir='ltr'>cum,</span> 
     </span>
     <span class='ocr_line' id='line_1_28' title="bbox 214 2934 1009 3013; baseline 0.003 -19"><span class='ocrx_word' id='word_1_173' title='bbox 214 2945 350 3013; x_wconf 82' lang='lat' dir='ltr'>tanquam</span> <span class='ocrx_word' id='word_1_174' title='bbox 379 2934 414 2992; x_wconf 86' lang='lat' dir='ltr'>ad</span> <span class='ocrx_word' id='word_1_175' title='bbox 441 2945 634 2994; x_wconf 86' lang='lat' dir='ltr'>mercaturam</span> <span class='ocrx_word' id='word_1_176' title='bbox 661 2938 802 2995; x_wconf 87' lang='lat' dir='ltr'>bonarum</span> <span class='ocrx_word' id='word_1_177' title='bbox 831 2938 947 3009; x_wconf 82' lang='lat' dir='ltr'>artium,</span> <span class='ocrx_word' id='word_1_178' title='bbox 969 2939 1009 2997; x_wconf 91' lang='lat' dir='ltr'>sis</span> 
     </span>
    </p>
   </div>
   <div class='ocr_carea' id='block_1_5' title="bbox 0 0 1106 3492">
    <p class='ocr_par' dir='ltr' id='par_1_6' title="bbox 0 0 1106 3492">
     <span class='ocr_line' id='line_1_29' title="bbox 0 0 1106 3492; baseline 0 0"><span class='ocrx_word' id='word_1_179' title='bbox 0 0 1106 3492; x_wconf 95' lang='lat' dir='ltr'> </span> 
     </span>
    </p>
   </div>
  </div>
 </body>
</html>
