2200 3492
131 231 158 277 L.
168 227 199 289 1.]
416 224 462 272 DE
481 223 628 273 omens.
922 213 955 271 ll

126 371 223 429 offieio
235 371 334 431 futuru
346 382 400 442 eet,
415 382 482 431 unte
496 371 626 443 definire,
636 370 706 447 quid
719 369 756 427 eit
770 370 912 439 officium3

127 468 203 542 quod
215 487 233 524 e
246 468 377 525 Penetio
386 468 609 544 pretermissum
619 484 683 525 esee
693 466 798 524 miror:
819 466 914 524 omnio

126 564 214 636 enim,
229 584 293 639 quae
315 583 332 621 a
351 564 464 621 ratione
484 564 640 640 suseipitur
653 564 693 621 de
707 563 802 639 alique
815 581 857 634 re,
872 563 915 620 in·

126 661 247 731 stitutio,
274 661 361 719 debet
382 660 582 719 ndefinitione
601 660 765 737 proficisoi3
787 670 818 718 ut
832 660 914 718 intel·

125 755 241 832 ligetur,
255 755 324 831 quid
337 755 375 813 eit
388 756 428 828 id,
442 756 551 835 dequo
565 755 734 832 disputetur.
927 764 944 812 5

163 948 218 1006 III.
247 948 352 1007 Omnis
378 949 414 1007 de
440 949 538 1011 officio
570 948 676 1026 duplex
708 960 752 1008 eet
784 952 911 1026 questio.

123 1045 221 1104 Unum
242 1065 334 1123 genus
354 1058 408 1119 est,
422 1047 499 1121 quod
518 1047 642 1123 pertinet
663 1047 699 1104 ad
719 1047 805 1106 finem
826 1049 914 1111 bono-

122 1161 204 1212 rum;
235 1142 366 1214 alterum,
388 1143 463 1217 quod
486 1143 612 1219 positum
631 1153 675 1200 est
699 1143 729 1200 in
750 1143 911 1220 preceptis,

122 1238 229 1314 quibus
250 1239 280 1296 in
308 1257 410 1296 omnes
434 1249 528 1316 portes
555 1256 625 1299 neue
648 1240 713 1297 ritu
737 1240 912 1299 conformari

121 1335 222 1412 possit.
264 1335 427 1409 Superioris
454 1336 569 1412 generis
595 1335 759 1419 hujusmodi
782 1335 913 1412 exempla
926 1341 957 1390 1⁰

122 1441 207 1489 eunt:
229 1429 380 1489 Omninue
393 1431 489 1489 officie
508 1432 638 1508 perfeeto
655 1432 732 1490 sint?
752 1451 823 1490 num
836 1434 911 1508 quod

121 1527 252 1586 officium
263 1527 342 1587 uliud
353 1528 411 1586 ulio
418 1529 513 1605 majus
526 1529 584 1586 sitt
604 1539 708 1603 etque
721 1538 790 1586 eunt
797 1529 912 1605 generis

121 1624 260 1700 ejusdem.
300 1623 435 1686 Quorum
463 1634 558 1682 autem
586 1624 746 1682 officiorum
767 1634 913 1701 precepto

120 1721 284 1792 truduntur,
298 1739 334 1779 eu
353 1740 515 1797 quanquam
538 1721 685 1797 pertinent
704 1721 740 1803 ud
758 1721 848 1778 finem
862 1722 911 1779 bo·

120 1836 236 1888 norum,
250 1828 347 1875 tamen
370 1817 399 1874 id
419 1817 514 1879 minus
536 1828 661 1895 apparet,
676 1818 744 1893 quin
764 1818 856 1895 magis
874 1818 910 1878 ed
927 1828 957 1877 15

121 1914 333 1970 institutionem
347 1914 412 1972 vitae
426 1915 590 1971 communio
604 1900 739 1990 ‘spectare
759 1915 909 1975 videntur:
1015 1990 1017 1993 .

121 2010 157 2066 de
171 2010 276 2085 quibus
289 2021 333 2067 est
345 2012 431 2067 nobis
443 2011 489 2068 his
502 2009 585 2067 libris
598 2010 808 2086 explicandum.

159 2106 258 2180 Atque
272 2106 358 2163 etium
374 2107 431 2163 ulia
440 2106 543 2165 divisio
553 2116 597 2163 est
607 2106 711 2165 officii:
728 2126 795 2164 uem
809 2118 838 2165 et
851 2126 910 2165 me-

119 2203 200 2259 dium
225 2202 368 2277 quoddam
394 2203 520 2260 officium
542 2202 660 2275 dieitur,
683 2200 713 2261 et
737 2204 907 2280 perfeetum.

119 2298 285 2356 Perfectum
310 2299 448 2370 officium,
476 2309 598 2371 rectum,
625 2300 735 2376 opinor,
763 2317 907 2373 vocemus,
923 2305 955 2354 2⁰

118 2395 194 2470 quod
223 2394 319 2452 Groeei
343 2395 525 2467 Kardpdupu,
548 2394 605 2452 hoo
632 2406 727 2454 eutem
754 2415 908 2455 commune

118 2490 253 2562 Kodrtuov
269 2501 393 2551 >vocant
419 2492 536 2566 mque:
558 2510 595 2550 eu
620 2493 663 2563 sie
691 2493 840 2565 definiunt,
865 2503 906 2566 ut,

117 2596 230 2644 rectum
242 2588 323 2663 quod
339 2587 385 2658 sit,
401 2587 429 2644 id
449 2584 609 2663 perfeetum
629 2588 755 2647 officium
776 2609 840 2648 esse
860 2591 908 2648 de·

118 2678 237 2750 finiunt;
259 2682 386 2743 medium
402 2693 497 2742 autem
518 2683 646 2742 officium
668 2685 698 2743 id
719 2705 782 2745 esse
796 2686 905 2758 dicant,

118 2778 193 2852 duod
209 2797 262 2835 cur
276 2777 385 2837 suetum
399 2778 532 2848 sitfrutio
546 2780 702 2856 probabilis
712 2782 793 2839 reddi
808 2783 906 2858 possit.
921 2787 953 2834 25

156 2873 279 2950 Triplex
287 2873 380 2950 igitur
394 2883 447 2944 est,
461 2884 493 2931 ut
514 2874 642 2933 Patraetio
655 2875 777 2947 videtur,
792 2878 906 2935 consilii

119 2970 252 3046 cupiendi
273 2969 460 3035 deliberatio:
481 2988 559 3045 nem,
574 2972 763 3034 honestumne
777 2973 855 3030 factu
869 2972 907 3030 sit
