2200 3492
482 226 699 273 uir-ormcns:
923 215 995 276 [la-¹·

205 374 359 452 proposita.²
379 384 446 433 sunt
467 375 502 453 ad
519 392 569 432 eas
582 393 628 432 res
642 373 784 449 parandas
804 371 995 450 tuendasque,
1029 356 1039 383 ⁸

206 473 311 548 quibus
325 472 402 529 actio
416 471 481 541 vitae
496 471 680 528 continetur:
705 459 748 527 ut.
758 479 788 526 et
807 468 931 526 societas
946 467 997 525 ho·

205 570 317 626 minum
338 569 565 645 conjunctioque
585 577 723 638 servetur,
744 565 882 651 etuanimi
902 563 997 622 excel·

205 666 297 725 lentie
316 665 554 742 magnitudoque,
576 683 643 721 curn
665 664 696 721 in
719 662 858 740 augendis
882 661 996 737 opibus,

173 780 190 829 5
205 762 438 837 utilitatibusque
458 771 487 818 et
506 761 574 834 sibi,
584 770 614 819 et
634 760 694 818 suis
708 759 919 836 comparandis,
934 768 996 815 tum

205 859 297 917 multo
320 858 413 936 magis
435 858 466 915 in
489 858 535 926 his
558 857 627 934 ipsis
651 856 855 932 despiciendis,
872 854 996 917 eluceat.

204 947 287 1013 Ordo
310 966 417 1028 autern,
436 964 466 1013 et
488 953 661 1026 constantia,
675 963 705 1012 et
726 952 895 1024 moderatio,
911 962 940 1009 et
961 971 999 1009 ea

204 1070 268 1128 quae
282 1064 350 1109 sunt
370 1052 415 1109 his
435 1050 550 1124 similia,
566 1060 714 1108 versantur
734 1050 763 1107 in
777 1068 813 1106 eo
827 1067 944 1126 genere,
960 1049 998 1106 ad

205 1149 284 1225 quod
307 1149 472 1207 adhibenda
490 1158 535 1206 est
557 1148 633 1206 actio
653 1147 795 1224 quaedam,
816 1165 875 1204 non
903 1145 998 1217 solum

160 1242 190 1312 lh
205 1246 310 1304 mentis
331 1246 458 1323 agitatio.
501 1245 557 1307 His
581 1244 658 1302 enim
678 1244 775 1315 rebus,
790 1263 854 1319 quae
872 1252 999 1303 tractan-

204 1352 251 1425 tur
266 1344 296 1401 in
311 1343 379 1415 vita,
390 1343 509 1400 modum
521 1341 666 1418 quendam
677 1351 706 1399 et
716 1341 848 1398 ordinem
860 1339 999 1404 adhibere,

204 1450 259 1513 tes,
274 1441 454 1498 honestatem
469 1448 498 1497 et
512 1439 603 1497 decus
617 1438 861 1497 conservabimus.
946 1438 948 1445 '

245 1634 297 1692 VI.
327 1634 373 1693 Ex
392 1644 523 1713 quatuor,
538 1643 634 1691 autem
649 1632 733 1704 locis,
749 1631 779 1689 in
796 1651 868 1707 quos
882 1632 998 1690 honesti

206 1741 338 1789 naturam
350 1731 463 1806 vimque
474 1729 633 1801 divisimus,
644 1729 755 1805 primus
765 1728 824 1802 ille,
836 1729 884 1805 qui
896 1730 924 1786 in
937 1730 997 1787 veri
1025 1808 1026 1811 Ἴ

161 1841 198 1891 15v
207 1826 376 1905 cognitione
391 1826 546 1898 consistit,
571 1826 695 1884 maxime
722 1837 854 1884 naturam
883 1827 999 1904 attingit

207 1924 372 1981 humanam.
413 1922 525 1980 Omnes
549 1923 628 1981 enirn
652 1923 792 1980 trahimur
814 1933 842 1980 et
864 1923 998 1981 ducimur

208 2021 252 2084 ad
266 2019 444 2097 cognitionis
463 2029 493 2077 et
513 2019 642 2078 scientiae
667 2019 873 2095 cupiditatem;
896 2021 926 2077 in
940 2021 999 2095 qud
1097 2080 1098 2093 ,

208 2116 350 2173 excellere
364 2115 518 2191 pulchrum
531 2123 683 2192 putamus:
704 2116 763 2174 labi
776 2126 881 2187 autem,
891 2136 998 2188 errare,
1097 2102 1098 2107 ἵ

194 2213 331 2286 nescire,
347 2212 453 2289 decipi,
468 2222 497 2269 et
510 2213 619 2270 malum
633 2222 662 2270 et
675 2223 758 2288 turpe
779 2212 921 2270 ducimus,
962 2211 998 2270 In

161 2309 265 2370 2⁰›hoc
280 2329 396 2387 genere,
411 2320 441 2366 et
460 2309 586 2366 naturali
607 2320 636 2366 et
656 2310 787 2381 honesto,
802 2309 860 2366 duo
875 2310 944 2368 vitia
959 2311 1000 2368 vi-

207 2407 296 2465 tanda
320 2417 405 2477 sunt;
437 2425 537 2478 unum,
560 2425 598 2463 ne
623 2405 773 2483 incognita
792 2425 845 2481 pro
873 2407 1000 2483 cognitis

208 2504 376 2575 habeamus,
405 2504 506 2578 hisque
540 2504 649 2559 temere
681 2502 886 2565 assentiamur:
921 2495 1000 2579 quod
1024 2494 1032 2518 '

208 2600 308 2658 vitium
328 2600 457 2676 effugere
480 2599 528 2674 qui
553 2600 638 2671 volet,
664 2597 778 2670 (omnes
808 2610 903 2657 autem
925 2600 999 2659 velle

209 2698 329 2777 debent)
346 2688 504 2768 adhibebit,
520 2697 556 2754 ad
578 2696 802 2754 considerandas
815 2716 872 2768 res,
887 2707 916 2754 et
929 2706 1001 2755 tem·

161 2821 194 2872 ᾖ
208 2814 263 2871 pus
284 2803 314 2851 et
335 2792 523 2870 diligentiam.
541 2788 544 2795 ’
566 2792 700 2849 Alterum
721 2803 765 2851 est
787 2793 897 2865 vitium,
922 2794 1000 2869 quod

209 2890 325 2966 quidam
340 2888 428 2946 nimis
441 2908 579 2966 magnum
594 2889 720 2949 studium
736 2872 913 2964 multamque
933 2909 1001 2966 ope-

209 3001 270 3041 ram
292 2982 322 3039 in
346 3000 392 3040 res
414 2982 659 3057 obseuras‘atque
683 2981 815 3039 difficiles
837 2981 999 3054 conserunt,
