2200 3492
51 202 58 215 '
163 209 210 287 ⁷⁶.
505 224 549 272 ou
568 224 714 274 ormcns.
929 227 1005 290 [nt

209 370 254 430 sic
274 382 304 429 et
324 371 360 430 ad
380 371 438 432 hoc
459 393 553 452 genus
574 375 746 454 castigandi,
768 395 834 433 raro
858 375 1006 452 invitique·

209 467 367 541 veniemus,
382 486 438 528 nec
453 491 590 547 unquam,
605 472 661 531 nisi
683 473 858 545 necessario,
873 473 897 530 si
918 473 1005 531 nulla

209 564 367 642 reperietur
382 567 439 625 alia
450 569 605 628 medicina.
648 569 706 631 Sed
727 579 825 628 tamen
834 569 883 651 ira
895 569 1002 646 procul

210 661 293 730 absit,
308 681 375 720 cum
389 658 446 738 quir
460 664 532 723 nihil
546 675 626 723 recte
636 664 709 738 lieri,
721 665 793 724 nihil
805 665 1002 745 considerate,

178 768 311 836 opotest.

249 852 359 934 Magna
371 869 567 935 autemparte,
579 859 715 917 clementi
727 860 918 937 castigatione
928 859 1003 917 lioet

209 953 262 1025 uti,
277 942 416 1031 gravilate
431 965 528 1014 tamen
551 956 697 1033 adjunctis,
712 966 744 1014 ut
757 968 787 1015 et
800 957 937 1014 severitas
952 957 1004 1014 ad·

209 1049 352 1123 hibeatur,
364 1062 394 1109 et
408 1052 584 1110 contumelia
594 1053 755 1129 repellatur.
797 1053 894 1128 Atque
911 1053 1003 1113 etiam

210 1146 281 1205 illud
302 1148 405 1224 ipsum,
427 1149 504 1224 quod
525 1149 691 1208 acerbitatis
718 1150 804 1208 habet
824 1150 1002 1227 objurgatio,

165 1243 431 1322 10·significandum
452 1256 506 1314 est,
527 1245 618 1322 ipsius
638 1248 736 1319 cause,
751 1247 800 1323 qui
820 1247 1002 1325 objurgetur,

210 1351 377 1418 susceptum
403 1361 475 1400 esse.
517 1341 646 1401 Rectum
665 1353 710 1401 est
734 1352 839 1416 autem,
860 1344 948 1402 etiam
970 1343 1004 1422 in

210 1437 268 1496 illis
288 1437 522 1499 contentionibus
536 1459 599 1516 quae
614 1459 681 1497 cum
696 1439 902 1498 inimicissimis
915 1440 1005 1513 fiunt,

209 1534 297 1595 etiam
311 1536 335 1593 ri
349 1535 434 1594 nobis
454 1536 575 1614 indigna
594 1536 753 1608 audiamus,
768 1546 865 1595 tamen
878 1538 1009 1614 gratita«

209 1641 268 1689 tem
289 1631 423 1701 retinere,
438 1632 618 1692 iracundiam
638 1633 784 1709 repellero.
825 1633 902 1695 Qua
920 1633 1004 1692 enim

165 1736 196 1787 15
211 1747 278 1787 cum
300 1729 395 1804 aliqui
414 1730 631 1805 perturbatione
651 1730 733 1803 fiunt,
754 1748 810 1788 uec
834 1739 1004 1790 constanter
1028 1754 1030 1759 ·

210 1824 274 1886 lieri,
295 1835 426 1901 possunt,
451 1844 506 1883 nec
530 1826 567 1883 ab
590 1826 635 1898 iis,
660 1827 710 1902 qui
738 1826 850 1895 adsunt,
874 1828 1003 1903 probari.

210 1920 348 1979 Deforme
369 1921 456 1979 etiam
478 1932 531 1993 est,
546 1922 584 1980 de
602 1942 633 1979 se
655 1923 719 2000 ipso
739 1923 907 2000 praedicare,
930 1924 1006 1984 falsa

209 2018 377 2093 presertim,
392 2024 430 2091 et,
445 2037 514 2076 cum
533 2019 667 2078 irrisione
688 2020 877 2093 audientium,
892 2020 1004 2081 imitari

211 2112 335 2171 Militem
351 2115 527 2193 Gloriosunr.

164 2335 197 2385 ρο
250 2307 398 2367 XXXIX.
427 2309 475 2382 Et,
503 2311 641 2386 quoniam
667 2310 767 2368 omnia
791 2312 1003 2388 persequimur,

211 2404 342 2463 volumus
355 2406 472 2481 quidem
486 2417 574 2479 certe,
588 2406 746 2465 dicendum
762 2418 806 2465 est
820 2407 918 2480 etiam,
933 2428 1006 2484 qua·-

210 2502 267 2561 lem
282 2502 407 2560 hominis
421 2504 554 2561 honorati
564 2513 594 2561 et
606 2503 746 2580 principis
757 2504 874 2562 domum
887 2505 1004 2580 placeat

211 2617 291 2657 esse:
313 2599 396 2675 cujus
417 2599 482 2657 finis
503 2610 546 2658 est
567 2619 651 2670 usus;
675 2600 817 2676 adquam
838 2619 1004 2660 accommo-

211 2695 307 2754 danda
327 2708 370 2753 est
390 2697 553 2757 aedificandi
574 2697 747 2774 descripti03
779 2708 809 2755 et
831 2707 930 2756 tamen
953 2699 992 2756 ad

165 2806 197 2858 25
211 2792 338 2851 hibenda
364 2793 513 2871 dignitatis
542 2795 812 2870 commoditatisque
840 2794 1002 2873 diligentia.

211 2888 268 2949 On
290 2888 425 2962 Octavio,
440 2891 489 2966 qui
509 2891 620 2968 primus
639 2912 681 2986 en
696 2891 745 2953 illst
767 2890 876 2950 familia
899 2892 1003 2952 consul

212 2983 306 3048 iactus
326 2994 379 3060 est,
400 2985 503 3047 honori
524 2986 613 3047 fuisse
637 2987 812 3066 accepimus,
833 2987 912 3064 quod
932 3007 1004 3066 prm-
