<?xml version="1.0" encoding="UTF-8"?>
<!DOCTYPE html PUBLIC "-//W3C//DTD XHTML 1.0 Transitional//EN"
    "http://www.w3.org/TR/xhtml1/DTD/xhtml1-transitional.dtd">
<html xmlns="http://www.w3.org/1999/xhtml" xml:lang="en" lang="en">
 <head>
  <title>
</title>
<meta http-equiv="Content-Type" content="text/html;charset=utf-8" />
  <meta name='ocr-system' content='tesseract 3.04.00' />
  <meta name='ocr-capabilities' content='ocr_page ocr_carea ocr_par ocr_line ocrx_word'/>
</head>
<body>
  <div class='ocr_page' id='page_1' title='image "./mtciceronisdeof04cicegoog/mtciceronisdeof04cicegoog_0174.png"; bbox 0 0 2200 3492; ppageno 0'>
   <div class='ocr_carea' id='block_1_1' title="bbox 165 186 1009 259">
    <p class='ocr_par' dir='ltr' id='par_1_1' title="bbox 165 186 1009 259">
     <span class='ocr_line' id='line_1_1' title="bbox 165 186 1009 259; baseline -0.009 -7"><span class='ocrx_word' id='word_1_1' title='bbox 165 186 224 252; x_wconf 74' lang='lat'>156</span> <span class='ocrx_word' id='word_1_2' title='bbox 501 200 545 247; x_wconf 84' lang='lat' dir='ltr'>nn</span> <span class='ocrx_word' id='word_1_3' title='bbox 567 199 714 247; x_wconf 76' lang='lat' dir='ltr'>cuncus.</span> <span class='ocrx_word' id='word_1_4' title='bbox 911 198 1009 259; x_wconf 68' lang='lat' dir='ltr'>[uun</span> 
     </span>
    </p>
   </div>
   <div class='ocr_carea' id='block_1_2' title="bbox 167 348 1058 1692">
    <p class='ocr_par' dir='ltr' id='par_1_2' title="bbox 167 348 1058 1692">
     <span class='ocr_line' id='line_1_2' title="bbox 209 348 1009 425; baseline -0.003 -16"><span class='ocrx_word' id='word_1_5' title='bbox 209 350 349 410; x_wconf 84' lang='lat' dir='ltr'>utrumvis</span> <span class='ocrx_word' id='word_1_6' title='bbox 363 350 432 408; x_wconf 84' lang='lat' dir='ltr'>satis</span> <span class='ocrx_word' id='word_1_7' title='bbox 446 359 506 421; x_wconf 82' lang='lat' dir='ltr'>est3</span> <span class='ocrx_word' id='word_1_8' title='bbox 527 360 558 407; x_wconf 90' lang='lat' dir='ltr'>et</span> <span class='ocrx_word' id='word_1_9' title='bbox 571 359 633 407; x_wconf 90' lang='lat' dir='ltr'>tum</span> <span class='ocrx_word' id='word_1_10' title='bbox 646 349 714 422; x_wconf 88' lang='lat' dir='ltr'>boc,</span> <span class='ocrx_word' id='word_1_11' title='bbox 728 359 790 406; x_wconf 90' lang='lat' dir='ltr'>tum</span> <span class='ocrx_word' id='word_1_12' title='bbox 805 348 886 418; x_wconf 91' lang='lat' dir='ltr'>illud,</span> <span class='ocrx_word' id='word_1_13' title='bbox 900 349 1009 425; x_wconf 87' lang='lat' dir='ltr'>proba·</span> 
     </span>
     <span class='ocr_line' id='line_1_3' title="bbox 210 447 1005 524; baseline -0.004 -17"><span class='ocrx_word' id='word_1_14' title='bbox 210 449 297 507; x_wconf 91' lang='lat' dir='ltr'>bilius</span> <span class='ocrx_word' id='word_1_15' title='bbox 311 449 433 520; x_wconf 83' lang='lat' dir='ltr'>videtur,</span> <span class='ocrx_word' id='word_1_16' title='bbox 450 467 505 505; x_wconf 83' lang='lat' dir='ltr'>nec</span> <span class='ocrx_word' id='word_1_17' title='bbox 517 459 659 524; x_wconf 76' lang='lat' dir='ltr'>praetcrea</span> <span class='ocrx_word' id='word_1_18' title='bbox 673 447 828 522; x_wconf 83' lang='lat' dir='ltr'>quidquam</span> <span class='ocrx_word' id='word_1_19' title='bbox 842 447 1005 523; x_wconf 82' lang='lat' dir='ltr'>probabile.</span> 
     </span>
     <span class='ocr_line' id='line_1_4' title="bbox 250 544 1006 623; baseline -0.003 -19"><span class='ocrx_word' id='word_1_20' title='bbox 250 548 297 604; x_wconf 85' lang='lat' dir='ltr'>Ac</span> <span class='ocrx_word' id='word_1_21' title='bbox 310 545 436 623; x_wconf 90' lang='lat' dir='ltr'>primum</span> <span class='ocrx_word' id='word_1_22' title='bbox 449 544 596 603; x_wconf 75' lang='lat' dir='ltr'>Panaetius</span> <span class='ocrx_word' id='word_1_23' title='bbox 610 545 640 602; x_wconf 92' lang='lat' dir='ltr'>in</span> <span class='ocrx_word' id='word_1_24' title='bbox 654 544 712 602; x_wconf 88' lang='lat' dir='ltr'>boc</span> <span class='ocrx_word' id='word_1_25' title='bbox 733 544 933 602; x_wconf 86' lang='lat' dir='ltr'>defendendus</span> <span class='ocrx_word' id='word_1_26' title='bbox 949 554 1006 616; x_wconf 91' lang='lat' dir='ltr'>est,</span> 
     </span>
     <span class='ocr_line' id='line_1_5' title="bbox 211 641 1008 719; baseline 0 -19"><span class='ocrx_word' id='word_1_27' title='bbox 211 643 287 719; x_wconf 89' lang='lat' dir='ltr'>quod</span> <span class='ocrx_word' id='word_1_28' title='bbox 302 661 361 701; x_wconf 88' lang='lat' dir='ltr'>non</span> <span class='ocrx_word' id='word_1_29' title='bbox 375 642 458 699; x_wconf 87' lang='lat' dir='ltr'>utilia</span> <span class='ocrx_word' id='word_1_30' title='bbox 471 660 538 700; x_wconf 91' lang='lat' dir='ltr'>cum</span> <span class='ocrx_word' id='word_1_31' title='bbox 553 641 683 698; x_wconf 82' lang='lat' dir='ltr'><strong>honestis</strong></span> <span class='ocrx_word' id='word_1_32' title='bbox 702 659 832 718; x_wconf 82' lang='lat' dir='ltr'>pugnare</span> <span class='ocrx_word' id='word_1_33' title='bbox 851 641 1008 716; x_wconf 79' lang='lat' dir='ltr'>aliquando</span> 
     </span>
     <span class='ocr_line' id='line_1_6' title="bbox 178 738 1006 820; baseline -0.004 -21"><span class='ocrx_word' id='word_1_34' title='bbox 178 750 295 819; x_wconf 84' lang='lat' dir='ltr'>5posse</span> <span class='ocrx_word' id='word_1_35' title='bbox 315 740 419 798; x_wconf 84' lang='lat' dir='ltr'>dixerit</span> <span class='ocrx_word' id='word_1_36' title='bbox 442 739 549 817; x_wconf 89' lang='lat' dir='ltr'>(neque</span> <span class='ocrx_word' id='word_1_37' title='bbox 570 738 648 797; x_wconf 89' lang='lat' dir='ltr'>enim</span> <span class='ocrx_word' id='word_1_38' title='bbox 668 739 697 796; x_wconf 90' lang='lat' dir='ltr'>ei</span> <span class='ocrx_word' id='word_1_39' title='bbox 718 740 760 796; x_wconf 83' lang='lat' dir='ltr'>fas</span> <span class='ocrx_word' id='word_1_40' title='bbox 779 740 867 820; x_wconf 86' lang='lat' dir='ltr'>erat),</span> <span class='ocrx_word' id='word_1_41' title='bbox 885 739 937 796; x_wconf 83' lang='lat' dir='ltr'>sed</span> <span class='ocrx_word' id='word_1_42' title='bbox 959 757 1006 811; x_wconf 90' lang='lat' dir='ltr'>ea,</span> 
     </span>
     <span class='ocr_line' id='line_1_7' title="bbox 211 834 1005 915; baseline -0.006 -18"><span class='ocrx_word' id='word_1_43' title='bbox 211 858 274 915; x_wconf 85' lang='lat' dir='ltr'>quae</span> <span class='ocrx_word' id='word_1_44' title='bbox 294 838 460 895; x_wconf 86' lang='lat' dir='ltr'>viderentur</span> <span class='ocrx_word' id='word_1_45' title='bbox 480 836 571 894; x_wconf 84' lang='lat' dir='ltr'>utilia.</span> <span class='ocrx_word' id='word_1_46' title='bbox 618 834 701 893; x_wconf 85' lang='lat' dir='ltr'>Nihil</span> <span class='ocrx_word' id='word_1_47' title='bbox 722 852 797 894; x_wconf 64' lang='lat' dir='ltr'>‘vero</span> <span class='ocrx_word' id='word_1_48' title='bbox 823 836 903 908; x_wconf 90' lang='lat' dir='ltr'>utile,</span> <span class='ocrx_word' id='word_1_49' title='bbox 926 836 1005 911; x_wconf 90' lang='lat' dir='ltr'>quod</span> 
     </span>
     <span class='ocr_line' id='line_1_8' title="bbox 210 932 1006 1009; baseline -0.005 -15"><span class='ocrx_word' id='word_1_50' title='bbox 210 954 270 994; x_wconf 91' lang='lat' dir='ltr'>non</span> <span class='ocrx_word' id='word_1_51' title='bbox 292 935 368 993; x_wconf 89' lang='lat' dir='ltr'>idem</span> <span class='ocrx_word' id='word_1_52' title='bbox 389 934 559 1004; x_wconf 89' lang='lat' dir='ltr'>honestum;</span> <span class='ocrx_word' id='word_1_53' title='bbox 580 932 653 990; x_wconf 91' lang='lat' dir='ltr'>nihil</span> <span class='ocrx_word' id='word_1_54' title='bbox 674 933 837 1005; x_wconf 86' lang='lat' dir='ltr'>honestum,</span> <span class='ocrx_word' id='word_1_55' title='bbox 852 933 928 1009; x_wconf 91' lang='lat' dir='ltr'>quod</span> <span class='ocrx_word' id='word_1_56' title='bbox 944 950 1006 990; x_wconf 89' lang='lat' dir='ltr'>non</span> 
     </span>
     <span class='ocr_line' id='line_1_9' title="bbox 212 1031 1006 1108; baseline -0.005 -17"><span class='ocrx_word' id='word_1_57' title='bbox 212 1033 289 1092; x_wconf 90' lang='lat' dir='ltr'>idem</span> <span class='ocrx_word' id='word_1_58' title='bbox 316 1032 386 1090; x_wconf 86' lang='lat' dir='ltr'>utile</span> <span class='ocrx_word' id='word_1_59' title='bbox 410 1031 457 1102; x_wconf 86' lang='lat' dir='ltr'>sit,</span> <span class='ocrx_word' id='word_1_60' title='bbox 478 1050 555 1107; x_wconf 81' lang='lat' dir='ltr'>saepe</span> <span class='ocrx_word' id='word_1_61' title='bbox 575 1040 713 1089; x_wconf 85' lang='lat' dir='ltr'>testatur:</span> <span class='ocrx_word' id='word_1_62' title='bbox 740 1040 894 1108; x_wconf 79' lang='lat' dir='ltr'><strong>negatque,</strong></span> <span class='ocrx_word' id='word_1_63' title='bbox 917 1031 1006 1088; x_wconf 87' lang='lat' dir='ltr'>ullam</span> 
     </span>
     <span class='ocr_line' id='line_1_10' title="bbox 211 1127 1006 1207; baseline -0.004 -20"><span class='ocrx_word' id='word_1_64' title='bbox 211 1141 321 1207; x_wconf 84' lang='lat' dir='ltr'>pestem</span> <span class='ocrx_word' id='word_1_65' title='bbox 349 1128 486 1206; x_wconf 85' lang='lat' dir='ltr'>majorem</span> <span class='ocrx_word' id='word_1_66' title='bbox 511 1128 541 1185; x_wconf 91' lang='lat' dir='ltr'>in</span> <span class='ocrx_word' id='word_1_67' title='bbox 562 1127 651 1185; x_wconf 81' lang='lat' dir='ltr'>vitam</span> <span class='ocrx_word' id='word_1_68' title='bbox 678 1128 827 1186; x_wconf 88' lang='lat' dir='ltr'>hominum</span> <span class='ocrx_word' id='word_1_69' title='bbox 855 1128 1006 1199; x_wconf 83' lang='lat' dir='ltr'>invasisse,</span> 
     </span>
     <span class='ocr_line' id='line_1_11' title="bbox 167 1224 1013 1303; baseline -0.007 -16"><span class='ocrx_word' id='word_1_70' title='bbox 167 1236 299 1303; x_wconf 81' lang='lat' dir='ltr'>loquum</span> <span class='ocrx_word' id='word_1_71' title='bbox 326 1244 426 1283; x_wconf 90' lang='lat' dir='ltr'>eorum</span> <span class='ocrx_word' id='word_1_72' title='bbox 452 1224 618 1301; x_wconf 89' lang='lat' dir='ltr'>opinionem</span> <span class='ocrx_word' id='word_1_73' title='bbox 652 1225 701 1301; x_wconf 93' lang='lat' dir='ltr'>qui</span> <span class='ocrx_word' id='word_1_74' title='bbox 729 1224 784 1282; x_wconf 91' lang='lat' dir='ltr'>ista</span> <span class='ocrx_word' id='word_1_75' title='bbox 811 1224 1013 1282; x_wconf 62' lang='lat' dir='ltr'>distraxerint„</span> 
     </span>
     <span class='ocr_line' id='line_1_12' title="bbox 212 1321 1058 1400; baseline -0.002 -19"><span class='ocrx_word' id='word_1_76' title='bbox 212 1322 314 1400; x_wconf 86' lang='lat' dir='ltr'>Itaque</span> <span class='ocrx_word' id='word_1_77' title='bbox 335 1342 404 1393; x_wconf 91' lang='lat' dir='ltr'>non,</span> <span class='ocrx_word' id='word_1_78' title='bbox 426 1331 459 1380; x_wconf 93' lang='lat' dir='ltr'>ut</span> <span class='ocrx_word' id='word_1_79' title='bbox 481 1321 636 1398; x_wconf 86' lang='lat' dir='ltr'>aliquando</span> <span class='ocrx_word' id='word_1_80' title='bbox 661 1331 900 1398; x_wconf 80' lang='lat' dir='ltr'>anteponeremus</span> <span class='ocrx_word' id='word_1_81' title='bbox 923 1322 1007 1380; x_wconf 90' lang='lat' dir='ltr'>utilia</span> <span class='ocrx_word' id='word_1_82' title='bbox 1056 1364 1058 1367; x_wconf 76' lang='lat'><em>·</em></span> 
     </span>
     <span class='ocr_line' id='line_1_13' title="bbox 213 1419 1006 1496; baseline -0.004 -16"><span class='ocrx_word' id='word_1_83' title='bbox 213 1421 351 1493; x_wconf 86' lang='lat' dir='ltr'>honestis,</span> <span class='ocrx_word' id='word_1_84' title='bbox 373 1420 424 1478; x_wconf 81' lang='lat' dir='ltr'>sed</span> <span class='ocrx_word' id='word_1_85' title='bbox 448 1430 481 1478; x_wconf 91' lang='lat' dir='ltr'>ut</span> <span class='ocrx_word' id='word_1_86' title='bbox 504 1439 539 1478; x_wconf 84' lang='lat' dir='ltr'>ea</span> <span class='ocrx_word' id='word_1_87' title='bbox 562 1419 626 1476; x_wconf 87' lang='lat' dir='ltr'>sine</span> <span class='ocrx_word' id='word_1_88' title='bbox 649 1437 746 1477; x_wconf 90' lang='lat' dir='ltr'>errore</span> <span class='ocrx_word' id='word_1_89' title='bbox 770 1419 1006 1496; x_wconf 79' lang='lat' dir='ltr'>dijudicaremus,</span> 
     </span>
     <span class='ocr_line' id='line_1_14' title="bbox 214 1516 1008 1593; baseline -0.004 -17"><span class='ocrx_word' id='word_1_90' title='bbox 214 1517 238 1576; x_wconf 87' lang='lat' dir='ltr'>si</span> <span class='ocrx_word' id='word_1_91' title='bbox 259 1517 374 1593; x_wconf 86' lang='lat' dir='ltr'>quando</span> <span class='ocrx_word' id='word_1_92' title='bbox 395 1517 575 1588; x_wconf 80' lang='lat' dir='ltr'>incidissent,</span> <span class='ocrx_word' id='word_1_93' title='bbox 596 1516 710 1574; x_wconf 80' lang='lat' dir='ltr'>induxit</span> <span class='ocrx_word' id='word_1_94' title='bbox 730 1535 804 1588; x_wconf 87' lang='lat' dir='ltr'>eum,</span> <span class='ocrx_word' id='word_1_95' title='bbox 819 1535 883 1591; x_wconf 83' lang='lat' dir='ltr'>quae</span> <span class='ocrx_word' id='word_1_96' title='bbox 897 1516 1008 1574; x_wconf 82' lang='lat' dir='ltr'>videre·</span> 
     </span>
     <span class='ocr_line' id='line_1_15' title="bbox 213 1613 1007 1692; baseline -0.005 -17"><span class='ocrx_word' id='word_1_97' title='bbox 213 1624 259 1675; x_wconf 86' lang='lat' dir='ltr'>tur</span> <span class='ocrx_word' id='word_1_98' title='bbox 280 1634 354 1687; x_wconf 89' lang='lat' dir='ltr'>esse,</span> <span class='ocrx_word' id='word_1_99' title='bbox 373 1634 435 1672; x_wconf 88' lang='lat' dir='ltr'>non</span> <span class='ocrx_word' id='word_1_100' title='bbox 456 1635 519 1692; x_wconf 80' lang='lat' dir='ltr'>quae</span> <span class='ocrx_word' id='word_1_101' title='bbox 540 1624 625 1686; x_wconf 88' lang='lat' dir='ltr'>esset,</span> <span class='ocrx_word' id='word_1_102' title='bbox 647 1613 883 1691; x_wconf 75' lang='lat' dir='ltr'>repugnantiam</span> <span class='ocrx_word' id='word_1_103' title='bbox 919 1614 1007 1671; x_wconf 86' lang='lat' dir='ltr'>Hauc</span> 
     </span>
    </p>
   </div>
   <div class='ocr_carea' id='block_1_3' title="bbox 167 1710 1007 2177">
    <p class='ocr_par' dir='ltr' id='par_1_3' title="bbox 167 1710 1007 2177">
     <span class='ocr_line' id='line_1_16' title="bbox 167 1710 1007 1798; baseline -0.004 -27"><span class='ocrx_word' id='word_1_104' title='bbox 167 1721 199 1798; x_wconf 67' lang='lat' dir='ltr'>lp</span> <span class='ocrx_word' id='word_1_105' title='bbox 214 1713 302 1791; x_wconf 82' lang='lat' dir='ltr'>igitur</span> <span class='ocrx_word' id='word_1_106' title='bbox 328 1722 439 1789; x_wconf 90' lang='lat' dir='ltr'>partem</span> <span class='ocrx_word' id='word_1_107' title='bbox 465 1712 595 1769; x_wconf 89' lang='lat' dir='ltr'>relictam</span> <span class='ocrx_word' id='word_1_108' title='bbox 620 1711 809 1787; x_wconf 85' lang='lat' dir='ltr'>explebimus,</span> <span class='ocrx_word' id='word_1_109' title='bbox 831 1710 939 1768; x_wconf 89' lang='lat' dir='ltr'>nullius</span> <span class='ocrx_word' id='word_1_110' title='bbox 960 1711 1007 1769; x_wconf 84' lang='lat' dir='ltr'>ad·</span> 
     </span>
     <span class='ocr_line' id='line_1_17' title="bbox 213 1807 1006 1890; baseline -0.001 -22"><span class='ocrx_word' id='word_1_111' title='bbox 213 1810 370 1882; x_wconf 86' lang='lat' dir='ltr'>miniculis,</span> <span class='ocrx_word' id='word_1_112' title='bbox 386 1810 436 1867; x_wconf 87' lang='lat' dir='ltr'>sed</span> <span class='ocrx_word' id='word_1_113' title='bbox 450 1809 496 1887; x_wconf 93' lang='lat' dir='ltr'>(ut</span> <span class='ocrx_word' id='word_1_114' title='bbox 510 1809 630 1890; x_wconf 84' lang='lat' dir='ltr'>dicitur)</span> <span class='ocrx_word' id='word_1_115' title='bbox 643 1807 738 1866; x_wconf 88' lang='lat' dir='ltr'>Marte</span> <span class='ocrx_word' id='word_1_116' title='bbox 751 1818 859 1866; x_wconf 89' lang='lat' dir='ltr'>nostro.</span> <span class='ocrx_word' id='word_1_117' title='bbox 901 1807 1006 1885; x_wconf 88' lang='lat' dir='ltr'>Neque</span> 
     </span>
     <span class='ocr_line' id='line_1_18' title="bbox 213 1906 1005 1983; baseline -0.003 -18"><span class='ocrx_word' id='word_1_118' title='bbox 213 1907 292 1965; x_wconf 89' lang='lat' dir='ltr'>enim</span> <span class='ocrx_word' id='word_1_119' title='bbox 320 1907 476 1983; x_wconf 85' lang='lat' dir='ltr'>quidquam</span> <span class='ocrx_word' id='word_1_120' title='bbox 497 1908 533 1964; x_wconf 90' lang='lat' dir='ltr'>de</span> <span class='ocrx_word' id='word_1_121' title='bbox 554 1907 610 1965; x_wconf 90' lang='lat' dir='ltr'>hac</span> <span class='ocrx_word' id='word_1_122' title='bbox 636 1917 728 1983; x_wconf 87' lang='lat' dir='ltr'>parte,</span> <span class='ocrx_word' id='word_1_123' title='bbox 747 1915 814 1983; x_wconf 88' lang='lat' dir='ltr'>post</span> <span class='ocrx_word' id='word_1_124' title='bbox 834 1906 1005 1978; x_wconf 76' lang='lat' dir='ltr'>Panaetium,</span> 
     </span>
     <span class='ocr_line' id='line_1_19' title="bbox 214 2002 1005 2080; baseline -0.001 -19"><span class='ocrx_word' id='word_1_125' title='bbox 214 2002 389 2080; x_wconf 84' lang='lat' dir='ltr'>explicatum</span> <span class='ocrx_word' id='word_1_126' title='bbox 410 2014 463 2076; x_wconf 89' lang='lat' dir='ltr'>est,</span> <span class='ocrx_word' id='word_1_127' title='bbox 484 2003 561 2079; x_wconf 93' lang='lat' dir='ltr'>quod</span> <span class='ocrx_word' id='word_1_128' title='bbox 588 2003 704 2079; x_wconf 89' lang='lat' dir='ltr'>quidem</span> <span class='ocrx_word' id='word_1_129' title='bbox 727 2003 799 2061; x_wconf 90' lang='lat' dir='ltr'>mihi</span> <span class='ocrx_word' id='word_1_130' title='bbox 825 2003 1005 2079; x_wconf 88' lang='lat' dir='ltr'>probaretur,</span> 
     </span>
     <span class='ocr_line' id='line_1_20' title="bbox 214 2100 795 2177; baseline -0.002 -19"><span class='ocrx_word' id='word_1_131' title='bbox 214 2101 252 2158; x_wconf 90' lang='lat' dir='ltr'>de</span> <span class='ocrx_word' id='word_1_132' title='bbox 265 2100 301 2159; x_wconf 92' lang='lat' dir='ltr'>iis</span> <span class='ocrx_word' id='word_1_133' title='bbox 315 2116 378 2177; x_wconf 83' lang='lat' dir='ltr'>quae</span> <span class='ocrx_word' id='word_1_134' title='bbox 393 2101 423 2158; x_wconf 92' lang='lat' dir='ltr'>in</span> <span class='ocrx_word' id='word_1_135' title='bbox 436 2120 539 2159; x_wconf 86' lang='lat' dir='ltr'>manus</span> <span class='ocrx_word' id='word_1_136' title='bbox 554 2119 633 2158; x_wconf 83' lang='lat' dir='ltr'>meas</span> <span class='ocrx_word' id='word_1_137' title='bbox 646 2110 795 2158; x_wconf 86' lang='lat' dir='ltr'>venerunt.</span> 
     </span>
    </p>
   </div>
   <div class='ocr_carea' id='block_1_4' title="bbox 100 2293 1006 3054">
    <p class='ocr_par' dir='ltr' id='par_1_4' title="bbox 168 2293 1006 2471">
     <span class='ocr_line' id='line_1_21' title="bbox 168 2293 1006 2372; baseline 0.001 -20"><span class='ocrx_word' id='word_1_138' title='bbox 168 2298 201 2352; x_wconf 76' lang='lat'>2⁰</span> <span class='ocrx_word' id='word_1_139' title='bbox 230 2294 338 2354; x_wconf 76' lang='lat' dir='ltr'>&#39;VIIL</span> <span class='ocrx_word' id='word_1_140' title='bbox 370 2294 445 2354; x_wconf 62' lang='lat' dir='ltr'>lium</span> <span class='ocrx_word' id='word_1_141' title='bbox 480 2294 568 2372; x_wconf 85' lang='lat' dir='ltr'>igitur</span> <span class='ocrx_word' id='word_1_142' title='bbox 602 2294 697 2370; x_wconf 84' lang='lat' dir='ltr'>aliqua</span> <span class='ocrx_word' id='word_1_143' title='bbox 729 2293 842 2371; x_wconf 88' lang='lat' dir='ltr'>species</span> <span class='ocrx_word' id='word_1_144' title='bbox 874 2294 1006 2353; x_wconf 86' lang='lat' dir='ltr'>utilitatis</span> 
     </span>
     <span class='ocr_line' id='line_1_22' title="bbox 214 2391 1004 2471; baseline -0.005 -18"><span class='ocrx_word' id='word_1_145' title='bbox 214 2393 328 2471; x_wconf 85' lang='lat' dir='ltr'>objecta</span> <span class='ocrx_word' id='word_1_146' title='bbox 349 2403 402 2464; x_wconf 87' lang='lat' dir='ltr'>est,</span> <span class='ocrx_word' id='word_1_147' title='bbox 424 2391 599 2449; x_wconf 86' lang='lat' dir='ltr'>commoveri</span> <span class='ocrx_word' id='word_1_148' title='bbox 625 2410 746 2449; x_wconf 85' lang='lat' dir='ltr'>necesse</span> <span class='ocrx_word' id='word_1_149' title='bbox 772 2401 824 2449; x_wconf 90' lang='lat' dir='ltr'>est.</span> <span class='ocrx_word' id='word_1_150' title='bbox 879 2393 937 2450; x_wconf 87' lang='lat' dir='ltr'>Sed</span> <span class='ocrx_word' id='word_1_151' title='bbox 970 2393 1004 2465; x_wconf 87' lang='lat' dir='ltr'>si,</span> 
     </span>
    </p>

    <p class='ocr_par' dir='ltr' id='par_1_5' title="bbox 100 2488 1005 2663">
     <span class='ocr_line' id='line_1_23' title="bbox 100 2488 1005 2569; baseline -0.002 -21"><span class='ocrx_word' id='word_1_152' title='bbox 100 2535 112 2569; x_wconf 72' lang='grc'><strong>,</strong></span> <span class='ocrx_word' id='word_1_153' title='bbox 214 2509 282 2548; x_wconf 91' lang='lat' dir='ltr'>cum</span> <span class='ocrx_word' id='word_1_154' title='bbox 318 2489 446 2547; x_wconf 87' lang='lat' dir='ltr'>animum</span> <span class='ocrx_word' id='word_1_155' title='bbox 481 2488 647 2559; x_wconf 87' lang='lat' dir='ltr'>attenderis,</span> <span class='ocrx_word' id='word_1_156' title='bbox 674 2488 881 2564; x_wconf 89' lang='lat' dir='ltr'>turpitudinem</span> <span class='ocrx_word' id='word_1_157' title='bbox 908 2489 1005 2546; x_wconf 83' lang='lat' dir='ltr'>rideas</span> 
     </span>
     <span class='ocr_line' id='line_1_24' title="bbox 214 2584 1002 2663; baseline 0 -18"><span class='ocrx_word' id='word_1_158' title='bbox 214 2586 380 2663; x_wconf 78' lang='lat' dir='ltr'>adjunctum</span> <span class='ocrx_word' id='word_1_159' title='bbox 395 2584 423 2642; x_wconf 93' lang='lat' dir='ltr'>ei</span> <span class='ocrx_word' id='word_1_160' title='bbox 437 2585 479 2643; x_wconf 90' lang='lat' dir='ltr'>rei</span> <span class='ocrx_word' id='word_1_161' title='bbox 494 2605 557 2660; x_wconf 85' lang='lat' dir='ltr'>quae</span> <span class='ocrx_word' id='word_1_162' title='bbox 571 2585 697 2661; x_wconf 88' lang='lat' dir='ltr'>speciem</span> <span class='ocrx_word' id='word_1_163' title='bbox 717 2585 848 2643; x_wconf 87' lang='lat' dir='ltr'>utilitatis</span> <span class='ocrx_word' id='word_1_164' title='bbox 863 2586 1002 2645; x_wconf 85' lang='lat' dir='ltr'>attulerit:</span> 
     </span>
    </p>

    <p class='ocr_par' dir='ltr' id='par_1_6' title="bbox 215 2679 1004 2759">
     <span class='ocr_line' id='line_1_25' title="bbox 215 2679 1004 2759; baseline -0.004 -18"><span class='ocrx_word' id='word_1_165' title='bbox 215 2692 276 2743; x_wconf 90' lang='lat' dir='ltr'>tum</span> <span class='ocrx_word' id='word_1_166' title='bbox 297 2700 356 2739; x_wconf 90' lang='lat' dir='ltr'>non</span> <span class='ocrx_word' id='word_1_167' title='bbox 377 2682 486 2740; x_wconf 84' lang='lat' dir='ltr'>utilitas</span> <span class='ocrx_word' id='word_1_168' title='bbox 505 2679 695 2758; x_wconf 86' lang='lat' dir='ltr'>relinquenda</span> <span class='ocrx_word' id='word_1_169' title='bbox 708 2693 762 2754; x_wconf 88' lang='lat' dir='ltr'>est,</span> <span class='ocrx_word' id='word_1_170' title='bbox 777 2683 828 2739; x_wconf 90' lang='lat' dir='ltr'>sed</span> <span class='ocrx_word' id='word_1_171' title='bbox 848 2682 1004 2759; x_wconf 85' lang='lat' dir='ltr'>intelligen-</span> 
     </span>
    </p>

    <p class='ocr_par' dir='ltr' id='par_1_7' title="bbox 169 2778 1003 2955">
     <span class='ocr_line' id='line_1_26' title="bbox 169 2778 1003 2855; baseline 0 -19"><span class='ocrx_word' id='word_1_172' title='bbox 169 2782 203 2837; x_wconf 67' lang='lat'>25</span> <span class='ocrx_word' id='word_1_173' title='bbox 216 2779 295 2851; x_wconf 89' lang='lat' dir='ltr'>dum,</span> <span class='ocrx_word' id='word_1_174' title='bbox 317 2778 367 2837; x_wconf 91' lang='lat' dir='ltr'>ubi</span> <span class='ocrx_word' id='word_1_175' title='bbox 386 2779 535 2855; x_wconf 89' lang='lat' dir='ltr'>turpitudo</span> <span class='ocrx_word' id='word_1_176' title='bbox 555 2779 602 2853; x_wconf 87' lang='lat' dir='ltr'>sit,</span> <span class='ocrx_word' id='word_1_177' title='bbox 623 2780 663 2837; x_wconf 91' lang='lat' dir='ltr'>ibi</span> <span class='ocrx_word' id='word_1_178' title='bbox 684 2780 837 2838; x_wconf 83' lang='lat' dir='ltr'>utilitatem</span> <span class='ocrx_word' id='word_1_179' title='bbox 858 2797 922 2837; x_wconf 85' lang='lat' dir='ltr'>esse</span> <span class='ocrx_word' id='word_1_180' title='bbox 947 2797 1003 2837; x_wconf 91' lang='lat' dir='ltr'>non</span> 
     </span>
     <span class='ocr_line' id='line_1_27' title="bbox 215 2875 1002 2955; baseline -0.001 -22"><span class='ocrx_word' id='word_1_181' title='bbox 215 2896 309 2955; x_wconf 83' lang='lat' dir='ltr'>posse.</span> <span class='ocrx_word' id='word_1_182' title='bbox 348 2875 440 2937; x_wconf 78' lang='lat' dir='ltr'>Quod</span> <span class='ocrx_word' id='word_1_183' title='bbox 461 2876 486 2933; x_wconf 86' lang='lat' dir='ltr'>si</span> <span class='ocrx_word' id='word_1_184' title='bbox 506 2875 579 2934; x_wconf 89' lang='lat' dir='ltr'>nihil</span> <span class='ocrx_word' id='word_1_185' title='bbox 600 2889 644 2935; x_wconf 86' lang='lat' dir='ltr'>est</span> <span class='ocrx_word' id='word_1_186' title='bbox 663 2886 721 2934; x_wconf 90' lang='lat' dir='ltr'>tam</span> <span class='ocrx_word' id='word_1_187' title='bbox 742 2887 844 2934; x_wconf 89' lang='lat' dir='ltr'>contra</span> <span class='ocrx_word' id='word_1_188' title='bbox 865 2886 1002 2949; x_wconf 87' lang='lat' dir='ltr'>naturam,</span> 
     </span>
    </p>

    <p class='ocr_par' dir='ltr' id='par_1_8' title="bbox 216 2959 1002 3054">
     <span class='ocr_line' id='line_1_28' title="bbox 216 2959 1002 3054; baseline -0.001 -21"><span class='ocrx_word' id='word_1_189' title='bbox 216 2993 303 3051; x_wconf 83' lang='lat' dir='ltr'>quam</span> <span class='ocrx_word' id='word_1_190' title='bbox 329 2973 476 3051; x_wconf 89' lang='lat' dir='ltr'>turpitudo</span> <span class='ocrx_word' id='word_1_191' title='bbox 505 2974 600 3054; x_wconf 84' lang='lat' dir='ltr'>(recta</span> <span class='ocrx_word' id='word_1_192' title='bbox 625 2975 714 3048; x_wconf 87' lang='lat' dir='ltr'>eninr,</span> <span class='ocrx_word' id='word_1_193' title='bbox 738 2983 768 3032; x_wconf 87' lang='lat' dir='ltr'>et</span> <span class='ocrx_word' id='word_1_194' title='bbox 793 2959 1002 3048; x_wconf 77' lang='lat' dir='ltr'>convenientia,</span> 
     </span>
    </p>
   </div>
   <div class='ocr_carea' id='block_1_5' title="bbox 0 0 1104 3492">
    <p class='ocr_par' dir='ltr' id='par_1_9' title="bbox 0 0 1104 3492">
     <span class='ocr_line' id='line_1_29' title="bbox 0 0 1104 3492; baseline 0 0"><span class='ocrx_word' id='word_1_195' title='bbox 0 0 1104 3492; x_wconf 95' lang='lat' dir='ltr'> </span> 
     </span>
    </p>
   </div>
  </div>
 </body>
</html>
