2200 3492
106 192 200 252 um]
395 191 439 238 nr:
460 186 606 238 ormcusss
886 178 942 238 179

105 340 193 398 etiarn
220 341 244 397 si
272 339 301 398 id
327 340 429 417 possis,
452 339 533 397 nulio
561 338 719 408 refellente,
744 335 896 396 obtinere?

107 436 236 495 Videsne
263 436 360 514 igitur,
382 437 439 494 boo
460 435 622 511 proverbio,
643 454 736 510 neque
757 433 833 510 Gygi
855 432 896 490 illi

105 550 190 611 posse
204 535 317 592 reniam
332 533 403 603 dari,
418 550 512 608 neque
526 533 606 604 huic,
621 550 705 607 quem
724 530 811 608 paulo
830 540 897 588 ante

105 630 262 708 fingebam,
296 630 449 707 digitorum
485 629 681 705 percussione,
716 627 897 685 hereditates
925 705 928 710 .

103 727 237 785 omnium
270 728 355 803 posse
389 728 578 784 convertere?
630 725 670 783 Ut
702 724 790 795 enirn,
819 724 927 800 qundo

106 837 191 898 turpe
210 832 264 894 est,
279 823 319 894 id,
333 821 463 899 quamvis
484 821 656 892 ooeultetur,
677 832 773 877 tamen
794 821 897 878 hones·

106 932 168 978 tum
182 920 245 977 fieri
258 919 340 977 nullo
354 919 441 976 modo
453 928 565 994 potest;
586 918 640 988 sin,
654 917 728 992 quod
743 917 896 974 honestum

104 1035 165 1074 non
193 1026 247 1089 est,
268 1016 298 1073 id
324 1015 396 1073 utile
416 1024 448 1072 ut
468 1014 515 1087 sit,
535 1014 612 1071 effici
637 1032 697 1070 nnn
723 1023 827 1088 potest,
850 1014 921 1070 adv

106 1124 239 1173 versante
252 1121 282 1170 et
296 1122 474 1190 repugnante
488 1111 600 1169 naturd.

145 1305 219 1363 XX.
247 1304 288 1363 At
307 1305 395 1377 enim,
417 1323 484 1363 eum
503 1323 663 1382 permagna
681 1304 799 1381 praemia
818 1313 895 1375 sunt,
912 1305 943 1354 10

105 1412 151 1460 est
178 1420 267 1460 eausa
292 1401 443 1477 peccandi.
496 1401 532 1459 Ο.
561 1399 674 1459 Marius
701 1399 782 1476 (oum
807 1419 824 1457 a
846 1418 897 1475 spa

106 1498 276 1556 oonsulatris
295 1498 383 1575 longe
403 1498 525 1568 abesset,
546 1506 576 1553 et
596 1497 656 1572 jam
676 1497 827 1571 septimum
849 1514 897 1551 an·

106 1612 177 1650 num
205 1603 271 1670 post
296 1603 448 1668 praeturam
479 1592 600 1668 jaoeret,
628 1608 722 1666 neque
756 1591 896 1667 petiturus

106 1708 235 1763 unquam
269 1688 449 1749 consulatum
479 1686 637 1766 videretur)
663 1684 704 1748 Q.
734 1684 895 1757 Metellum,

103 1785 191 1862 eujus
218 1785 331 1862 legatus
356 1794 427 1856 erat,
452 1802 597 1842 summum
621 1782 715 1840 ,virum
740 1792 769 1840 et
792 1781 895 1854 civem,
912 1795 942 1843 15

30 1890 33 1895 '
107 1881 191 1956 (oum
219 1882 255 1939 ab
280 1900 327 1953 eo,
354 1881 526 1957 imperatore
553 1899 615 1952 suo,
641 1880 765 1949 Romam
793 1879 897 1939 missus

105 1980 202 2056 esset)
214 1978 289 2054 apud
308 1977 446 2054 populum
466 1977 635 2036 Romanum
655 1977 824 2035 criminatus
841 1988 895 2047 est,

106 2074 215 2145 bellum
236 2074 316 2132 ilium
338 2074 461 2132 dueere:
482 2074 507 2131 si
527 2092 559 2131 se
579 2073 728 2131 consulem
749 2073 895 2143 iecissent,

106 2171 187 2228 brevi
208 2181 345 2248 tempore,
368 2180 416 2228 aut
435 2170 529 2229 vivum
551 2180 602 2229 aut
620 2180 765 2227 mortuum
792 2169 897 2246 Jugur·

106 2269 186 2326 tham
206 2287 238 2326 se
259 2268 478 2344 inpotestatem
497 2267 598 2344 popuii
618 2265 745 2324 Romani
764 2265 897 2323 redactu-
910 2278 942 2325 ω

69 2442 75 2451 .
106 2384 182 2424 rum.
223 2365 327 2440 ltaque
347 2365 440 2423 factus
453 2374 497 2422 est
511 2365 560 2421 iile
572 2363 689 2438 quidem
704 2362 822 2430 eonsul;
844 2350 896 2418 sed

106 2462 196 2520 siide
213 2461 381 2539 justitidque
401 2461 544 2531 discessit,
558 2460 608 2535 qui
628 2459 768 2535 optimum
787 2468 816 2515 et
833 2477 896 2536 gra·

106 2558 256 2616 vissimum
277 2557 379 2628 civem,
394 2558 477 2634 eujus
496 2557 618 2634 legatus,
633 2567 662 2614 et
681 2574 768 2632 aquo
781 2552 895 2627 missus,

106 2667 194 2727 esset,
209 2655 239 2712 iu
254 2654 390 2713 invidiam
405 2655 476 2712 falso
489 2654 611 2712 erimine
625 2652 782 2711 adduxerit.

145 2751 196 2809 Ne
222 2760 320 2808 noster
346 2749 462 2826 quidem
490 2751 678 2810 Gratidianus
703 2750 800 2807 officio
829 2751 894 2806 boni
911 2759 942 2806 25

106 2848 161 2906 viri
182 2847 299 2905 functus
318 2859 363 2904 est
388 2857 460 2918 tum,
482 2867 549 2905 eum
575 2857 679 2924 praetor
706 2858 791 2916 esset,
812 2846 897 2904 eolle-

107 2944 245 3024 giumque
267 2954 423 3022 pratorum
445 2944 667 3020 tribuniplebis
688 2942 894 3013 adhibuissent,
