2200 3492
73 213 152 275 nm]
179 244 183 251 ,
358 218 402 264 nn
422 218 569 266 osricus.
625 192 631 205 ‘
866 210 907 269 97

74 365 182 438 mima,
204 365 411 443 percipiantur,
433 386 484 425 eas
503 386 558 426 nos
579 367 661 427 nullo
682 366 777 441 modu,
797 366 860 440 sine

73 462 217 520 hominum
241 483 329 522 manu
357 475 442 539 atque
467 464 566 541 operia,
591 482 695 541 capere
721 464 858 541 potuisse.

72 559 127 621 Qui
149 560 278 635 denique
301 539 337 618 eri
361 561 461 619 bestiis
482 561 604 635 fructus,
627 572 676 619 aut
697 581 760 638 qua
783 581 860 619 ccm-

72 656 201 729 nuditas,
223 658 280 714 nisi
303 658 436 716 homines
458 658 634 735 adjuvarent,
658 656 768 735 percipi
797 679 860 735 pos·

71 755 128 811 sati
152 774 225 812 nam
246 764 277 812 et
296 756 345 830 qni
372 756 519 833 principes
546 755 712 813 inveniendi
733 756 890 830 suerunt,5
919 808 921 813 ,

71 868 150 924 quem
169 871 207 908 ex
221 853 336 927 quaque
350 852 447 909 bellun
468 871 553 927 usum
572 852 679 910 habere
698 872 858 929 possemus,

71 946 201 1006 homines
222 958 301 1006 certe
324 948 457 1007 fuerunt:
488 967 544 1007 nec
566 950 622 1006 hac
641 960 781 1025 tempore,
797 950 859 1007 sine

71 1041 215 1102 hominum
242 1045 341 1121 opert,
367 1055 415 1103 aut
440 1064 560 1122 pascere
583 1065 633 1103 eas
660 1055 709 1104 aut
732 1046 858 1118 domare,

72 1151 115 1198 aut
140 1143 229 1213 tueri,
258 1152 306 1199 aut
334 1138 518 1217 tempestivos
545 1143 656 1202 fructus
682 1162 718 1200 ex
744 1143 788 1200 his
812 1162 859 1201 ca·

71 1255 142 1312 perc,
174 1258 343 1315 possemus:
378 1240 414 1297 ab
447 1240 613 1314 eisdemque
647 1251 676 1296 et
709 1259 761 1311 eae,
795 1246 904 1316 qure10

73 1347 181 1408 nocent,
194 1336 422 1406 interficiuntur;
444 1347 482 1408 et,
494 1356 558 1412 quae
573 1337 637 1393 usui
651 1347 771 1412 possunt
785 1356 857 1410 esse,

74 1432 229 1507 capiuntur.
310 1468 313 1473 «

105 1527 187 1591 Quid
216 1547 383 1593 enumerem
412 1529 516 1586 artium
543 1528 768 1599 multitudinem,
796 1528 858 1585 sine

74 1624 169 1699 quibus
183 1626 244 1683 vita
257 1625 377 1683 omnino
397 1626 477 1684 nulla
497 1644 561 1683 esse
581 1624 741 1701 potuissett
781 1624 859 1695 Quis

75 1722 144 1781 euim
171 1724 258 1800 aegris
294 1723 469 1795 subveniret,
503 1741 567 1798 quae
598 1731 674 1779 esset
705 1720 860 1789 oblectatio
875 1732 905 1779 15

30 1852 31 1863 κ
75 1817 234 1895 valentium,
269 1820 318 1897 qui
345 1820 449 1892 victus,
477 1829 526 1878 aut
562 1819 678 1899 cultust
712 1818 768 1876 nisi
800 1829 859 1876 tarn

30 1906 31 1909 ’
76 1916 164 1975 multra
192 1911 379 1974 nobis'artes
400 1915 613 1974 ministrarent:
645 1915 751 1991 quibus
772 1917 859 1974 rebus

77 2014 192 2089 exculta,
207 2013 358 2073 hominum
378 2013 437 2071 rita
456 2022 568 2071 tantum
588 2013 675 2071 distat
695 2012 809 2071 avictu
830 2023 860 2075 et

30 2164 31 2167 ,
78 2109 147 2168 cultu
175 2110 342 2175 bestiarum.
392 2109 486 2169 Urbes
512 2128 591 2182 vero,
619 2109 682 2167 sine
709 2110 859 2168 hominum

78 2215 155 2278 cetu,
169 2225 231 2264 non
252 2206 412 2282 potuissent
432 2224 488 2263 nec
509 2196 646 2264 aedificari
659 2225 715 2264 nec
729 2206 860 2280 frequen·
874 2216 906 2265 20

30 2310 48 2345 ὓ
78 2301 140 2361 tari:
175 2322 213 2360 ex
238 2322 296 2378 quo
323 2303 413 2385 leges,
437 2321 589 2379 moresque
603 2302 767 2377 coustituti3
798 2311 860 2358 tum

30 2442 31 2451 ,
78 2395 139 2471 juris
160 2418 244 2475 aeqna
264 2398 430 2475 descripti0,
445 2410 581 2474 certaque
601 2398 715 2456 vivendi
735 2397 861 2473 discipli·

30 2496 32 2513 '
79 2511 125 2553 na:
154 2512 226 2572 quas
246 2514 294 2553 res
314 2506 343 2553 et
364 2496 556 2577 mansuetudo
579 2496 740 2554 animorum
762 2513 861 2552 conse·

81 2602 147 2666 cata,
169 2605 198 2652 ct
222 2593 398 2653 verecundia
419 2603 478 2664 est3
509 2593 712 2667 effectumque,
733 2601 765 2650 ut
785 2603 861 2650 esset

80 2687 129 2748 rita
150 2690 306 2761 munitior;
339 2700 423 2765 atque
445 2699 486 2762 ut,
509 2688 605 2747 dando
627 2698 656 2746 et
680 2688 859 2765 accipiendo,
874 2697 907 2746 25

82 2787 273 2863 mutandisque
295 2786 480 2852 facultatibus
500 2797 529 2844 et
549 2786 717 2863 commodis,
735 2786 815 2844 uulld
829 2804 860 2843 re

80 2897 229 2958 egeremus.

306 2981 327 3040 9
