2200 3492
99 195 184 255 nu]
394 195 437 243 nn
459 162 606 243 officim.
889 180 946 240 1⁰7

137 346 187 403 Ac
201 347 327 422 primum
342 345 379 403 de
393 345 450 405 illis
464 347 641 422 tribusque
656 355 723 404 ante
738 345 798 403 dixi
812 343 900 401 bene-

98 443 233 501 volentiae
248 453 402 520 praecepta,
418 444 584 502 videamus:
608 463 672 522 quae
683 443 801 519 quidem
812 443 900 501 bene·

97 539 173 598 ficiis
202 540 316 617 capitur
347 541 488 599 maxime:
523 541 656 599 secundo
690 551 784 598 autem
807 539 897 611 Ἰοοο,

18 706 19 723 q
98 636 233 695 berreficd
255 636 402 695 voluntate
424 638 627 696 benevolentia
649 647 788 709 movetur,
809 637 898 694 etiam

18 762 20 779 ·
98 734 122 793 si
142 753 192 791 res
215 735 288 793 forte
315 752 374 793 non
401 736 535 812 suppetit
572 736 773 803 ¹Vehementer
801 740 928 793 autema

18 840 20 865 ²
98 838 180 890 amor
210 831 410 890 multitudinis
443 843 641 891 commovetur
675 834 736 910 ipsa
764 832 841 890 samri
869 844 898 890 et

97 929 239 1007 opinione
250 928 442 1002 liberalitatis,
453 928 665 1000 beneficentiae,
677 930 806 1007 justitiae,
819 930 897 1002 fidei,

18 1078 20 1093 ,
88 1026 288 1107 ⁴omniumque
309 1046 407 1085 earum
428 1027 578 1099 virtutum,
599 1046 662 1102 quae
690 1027 835 1104 pertinent
862 1027 920 1105 ad·

18 1148 20 1173 ι
97 1124 355 1183 mansuetudinem
375 1144 487 1184 morum
509 1142 543 1182 ao
560 1124 738 1183 facilitatem.
780 1123 897 1183 Etenim

97 1220 173 1280 illud
194 1221 301 1298 ipsum,
322 1222 399 1298 quod
421 1222 578 1281 honestum
604 1224 800 1298 decorumque
828 1221 944 1280 dici-10

97 1339 174 1392 mus,
186 1319 257 1395 quia
265 1338 317 1396 per
332 1339 363 1378 se
376 1319 462 1379 nobis
471 1319 578 1396 placet,
591 1320 758 1395 animosque
769 1320 898 1377 omnium

97 1417 204 1475 naturai
233 1426 262 1474 et
296 1417 394 1493 specie
426 1418 480 1475 suri
514 1426 687 1487 commovet,
718 1416 898 1492 maximeque

97 1514 339 1592 quasi'perluoet
359 1533 396 1572 ex
415 1515 468 1586 eis,
488 1534 561 1591 quas
589 1513 824 1584 commemoravi,
845 1512 899 1570 vir-

97 1612 211 1670 tutibus
219 1632 228 1683 3
250 1611 363 1669 idcirco
377 1612 452 1685 illos,
467 1612 497 1668 in
513 1611 619 1687 quibus
639 1630 689 1668 eas
703 1610 821 1667 virtutes
835 1629 898 1668 csse

98 1727 207 1780 remur,
231 1709 371 1769 anatum
393 1709 455 1785 ipsi
476 1708 599 1786 diligere
620 1707 759 1785 cogimur.
801 1708 898 1783 Atque
914 1718 945 1766 15

99 1806 145 1864 bre
158 1805 278 1882 quidem
293 1825 389 1864 cause
403 1806 544 1884 diligendi
565 1805 757 1883 gravissimae:
778 1816 899 1883 possunt

19 1904 20 1949 i
98 1902 179 1959 enim
194 1911 335 1978 praeterea
348 1902 496 1962 nonnullae
510 1921 575 1960 esse
588 1902 718 1960 leviores.

139 1999 232 2057 Fides
253 2008 349 2057 autem
370 2009 403 2059 ut
424 2001 575 2072 habeatur,
590 2001 702 2059 duabus
722 2002 809 2058 rebus
822 2001 898 2058 effici

99 2106 214 2173 potest:
236 2096 261 2154 si
275 2096 504 2156 existimabimur
520 2097 616 2174 adepti
631 2098 816 2175 conjunctam
831 2117 898 2155 oum

20 2194 21 2263 i
97 2193 211 2271 justitie
225 2193 417 2269 prudentiam.
460 2194 538 2253 Nam
553 2205 583 2252 et
597 2195 632 2252 iis
646 2195 731 2252 fidem
749 2194 898 2266 habemus,
914 2203 946 2251 20

21 2300 22 2357 i
101 2310 176 2367 quos
202 2290 269 2368 plns
303 2291 475 2370 intelligere,
504 2312 594 2368 quam.
621 2311 689 2364 nos,
718 2290 899 2363 arbitramur,

21 2368 22 2399 i
102 2407 234 2465 quosque
254 2398 284 2447 et
306 2388 402 2447 futura
421 2391 587 2467 prospicere
608 2389 764 2460 credimus,
779 2397 817 2460 et,
833 2407 900 2470 cum

22 2474 23 2481 ἵ
102 2505 148 2545 res
162 2496 276 2564 agutur,
292 2486 322 2543 in
336 2486 551 2562 discrimenque
566 2496 682 2545 ventum
703 2486 750 2556 sit,
765 2486 901 2562 expedire

23 2642 24 2655 2
102 2602 175 2656 rem,
202 2592 234 2641 et
261 2583 415 2642 consilinm
443 2603 480 2642 ex
509 2594 640 2660 tempore
662 2602 765 2660 capere
797 2602 899 2661 posse:

103 2681 181 2743 banc
207 2681 288 2739 enim
314 2681 415 2740 utilem
437 2701 538 2740 omnes
562 2681 729 2739 existimant
748 2700 901 2758 veramque
916 2681 947 2730 25

23 2774 28 2809 ¹·
103 2779 298 2863 prudentiam.
350 2778 442 2837 Justis
470 2789 566 2837 autem
586 2789 616 2837 et
637 2779 701 2836 tidis
724 2779 901 2850 hominibus,

105 2875 134 2933 id
148 2886 204 2949 est,
219 2875 315 2948 bonis,
329 2875 371 2934 ita
383 2875 455 2934 fides
475 2876 608 2948 habetur,
622 2886 654 2934 ut
668 2876 748 2937 nulla
761 2876 798 2932 sit
813 2875 842 2931 in
858 2873 903 2931 bis

106 2970 217 3033 fraudis
234 2971 406 3052 injuriaeque
426 2972 562 3052 suspicio.
603 2972 705 3052 Itaque
719 2973 764 3031 his
780 2970 902 3029 salutern
