2200 3492
126 184 196 244 ut]
421 179 465 227 ou
486 180 632 228 omens.
943 170 965 229 9

128 338 280 402 utrumque
294 337 376 386 certe
387 328 483 386 secuti
495 346 604 386 sumus.
647 327 792 403 Equidem
805 338 836 385 et
854 326 920 385 Pla·

125 435 224 482 tonem
239 424 384 497 existimo,
395 425 420 481 si
434 443 526 502 genus
537 425 652 482 forense
662 410 781 482 dicendi
794 434 920 483 tractare

126 521 273 592 voluisset,
288 521 457 597 gravissime
477 531 507 579 et
525 522 721 597 copiosissime
734 520 863 598 potuisse
877 519 919 578 di·

124 637 211 688 cere;
241 627 270 675 et
289 617 529 689 Demosthenem,
549 618 575 674 si
596 617 655 689 illa,
675 636 739 692 quae
760 636 778 674 s
796 616 919 681 Platone

124 714 277 786 didicerat,
298 714 449 785 tenuisset,
463 724 493 771 et
511 714 698 790 pronuntiare
712 713 859 785 voluisset,
872 732 918 772 or·
931 728 949 776 5

123 823 192 868 nate
221 810 427 887 splendideque
456 809 552 868 facere
571 810 708 886 potasse.
749 809 918 886 Eodemque

124 907 213 964 modo
229 905 265 963 de
285 905 443 965 Aristotele
456 915 486 963 et
506 902 636 963 Isocrate
654 905 775 982 judieo;
795 924 917 981 quorum

124 1014 257 1078 uterque,
270 1021 331 1060 suo
361 1003 458 1075 studio
486 1001 656 1074 delectatus,
677 1002 851 1079 contempsit
878 1003 918 1061 el·

122 1110 227 1159 terum.

161 1293 202 1351 H.
224 1293 377 1367 Sedenim
398 1292 562 1351 statuissem
583 1290 693 1368 aliquid
712 1292 770 1350 hoc
788 1304 915 1369 tempore
931 1292 962 1342 1⁰

122 1390 159 1448 ad
184 1400 215 1447 te
236 1389 374 1462 scribere,
398 1398 428 1447 et
448 1388 539 1448 multu
559 1391 691 1465 posthac,
714 1390 750 1447 ab
771 1408 807 1447 eo
826 1389 916 1448 ordiri

122 1487 200 1547 solui
220 1486 357 1559 maxime,
376 1486 452 1561 quod
472 1496 503 1543 et
522 1486 601 1543 retati
624 1495 682 1542 ture
702 1496 778 1542 esset
806 1484 916 1562 aptissi-

122 1602 212 1656 mum,
227 1593 258 1642 et
272 1583 435 1641 auctoritati
447 1601 529 1641 mee.
571 1580 659 1654 Nam,
674 1600 742 1640 cum
755 1582 846 1641 multa
858 1582 915 1639 sint

122 1681 154 1738 iu
172 1679 366 1757 philosophis
386 1689 417 1737 et
434 1678 535 1756 gravio
555 1688 586 1736 et
604 1677 696 1750 utilis,
709 1673 846 1736 accurate
866 1696 917 1736 co·

121 1777 262 1854 pioseque
273 1775 474 1853 aphilosophis
484 1775 647 1852 disputata3
667 1774 806 1833 latissime
816 1785 915 1852 patere
930 1780 961 1830 lt

122 1874 256 1932 videntur
280 1891 325 1945 ea,
346 1892 410 1949 quse
433 1874 470 1929 de
492 1873 596 1933 officiis
617 1872 723 1930 uadita
745 1872 781 1933 ab
805 1872 862 1929 illis
885 1882 915 1930 et

122 1979 268 2046 precepta
290 1979 366 2027 sunt.
407 1968 498 2028 Nulla
519 1969 602 2041 'edim
625 1968 691 2027 rite
718 1987 794 2045 pars,
818 1987 914 2044 neque

123 2065 248 2143 publicis
267 2085 365 2141 neque
382 2065 510 2143 privatis,
524 2083 620 2140 neque
637 2065 802 2123 forensibus
820 2083 913 2142 neque

122 2162 291 2223 domesticis
304 2163 335 2221 in
347 2164 452 2234 rebus3
473 2181 569 2237 neque
589 2161 614 2220 si
636 2173 732 2220 tecum
751 2182 820 2239 agas
832 2163 912 2238 quid,

124 2278 218 2334 neque
232 2259 257 2316 si
271 2278 338 2319 cum
354 2258 443 2319 altero
457 2260 620 2330 condebas,
634 2277 737 2316 vacare
758 2259 853 2319 officio
865 2278 914 2335 po
927 2262 960 2312 20

123 2340 196 2414 test:
225 2356 257 2413 in
278 2372 370 2432 eoque
392 2356 514 2417 colendo
541 2355 597 2413 sita
618 2342 684 2413 vitae
710 2365 754 2413 est
780 2356 914 2414 honestas

123 2452 227 2524 omnis,
242 2460 272 2509 et
286 2451 315 2509 in
329 2452 505 2530 negligendo
514 2452 675 2527 turpitudo.

162 2549 260 2624 Atque
281 2548 343 2606 haec
357 2548 607 2623 quidemquaestio
621 2547 841 2606 communisset
854 2566 914 2606 om-

125 2644 203 2703 nium
223 2626 476 2721 philosophorum:
497 2643 562 2720 quis
581 2654 625 2702 est
638 2644 733 2719 enim,
752 2645 811 2719 qui,
826 2645 913 2702 nullis

124 2738 211 2803 officii
223 2741 375 2819 preceptis
385 2740 542 2812 tradendis,
553 2722 753 2816 philosophum
766 2759 796 2798 se
809 2743 912 2798 audeat
925 2750 958 2799 25

126 2837 242 2895 dicerei
263 2836 322 2894 sed
337 2848 402 2894 sunt
415 2837 563 2894 nonnullae
578 2836 748 2911 disciplina,
763 2856 836 2911 quae,
851 2857 913 2912 pro-

126 2933 223 3010 positis
249 2934 391 2992 bonorum
417 2944 447 2992 et
473 2934 613 2992 malorum
641 2932 756 3006 finibus,
783 2933 911 2992 officium
