2200 3492
179 201 235 261 120
512 214 557 260 oe
579 214 725 261 ovmcvm.
932 214 975 274 [a.
986 213 1022 259 11.

220 363 319 437 velint,
334 383 393 422 non
414 381 494 422 tanta
513 363 609 423 studia
630 373 819 438 assequuntur
838 363 940 420 eorum
954 363 1020 439 qui·

220 462 275 519 bus
288 462 438 533 dederunt,
454 469 562 536 quanta
581 461 648 519 odia
667 479 766 521 eorum
780 459 885 536 quibus
902 461 1017 519 ademe-

219 568 295 616 runt.
345 558 546 620 Quamobrem
570 577 626 615 nec
650 558 691 615 lta
714 556 877 615 claudenda
900 567 945 615 est
966 577 1018 617 res

219 655 378 727 familiaris,
393 666 425 712 ut
439 675 502 713 eam
517 651 681 732 benignitas
701 655 811 731 aperire
831 673 891 712 non
904 655 998 730 possit
1006 674 1016 724 3

187 755 275 810 onec
296 752 337 809 ita
356 752 521 823 reseranda,
541 761 574 810 ut
592 761 690 827 pateat
709 751 853 809 omuibus.
905 750 1015 810 Modus

219 849 399 920 adhibeatur,
421 849 502 924 isque
522 849 663 906 reseratur
684 848 719 907 ad
740 848 901 906 facultates.
944 847 1018 906 Om-

218 946 288 1004 nino
316 946 481 1003 meminisse
504 942 653 1013 ³debemus
679 945 718 1016 id,
746 946 833 1021 quod,
862 963 880 1002 a
905 945 1017 1004 nostris

218 1042 382 1100 hominibus
409 1042 566 1118 sepissime
594 1051 773 1118 usurpatum,
804 1042 864 1118 jem
891 1042 921 1099 in
949 1061 1018 1119 pro·

217 1139 308 1197 verbii
333 1140 574 1196 consuetudinem
598 1139 686 1211 venit,
712 1139 923 1216 “largitionem
949 1140 1017 1198 fun⁴

172 1236 203 1291 10
217 1237 286 1294 dum
309 1255 367 1294 non
392 1236 526 1293 habere.'’
569 1235 687 1294 Etenim
708 1236 772 1311 quis
791 1246 887 1312 potest
908 1237 1017 1295 modus

217 1351 291 1405 esse,
306 1352 373 1391 cum
387 1344 416 1390 et
430 1333 517 1405 idem,
532 1333 581 1410 qui
602 1332 790 1406 consuerunt,
805 1343 834 1392 et
847 1333 924 1391 idem
941 1334 1016 1393 illud

218 1430 276 1502 olii,
292 1430 476 1488 desiderentl
1005 1419 1007 1422 Α

256 1625 339 1684 XVI.
375 1626 505 1684 Omnino
537 1626 596 1684 duo
623 1636 690 1685 sunt
716 1645 824 1703 genera
852 1626 1013 1705 largorum,

218 1740 338 1796 quorum
361 1721 442 1779 elteri
460 1722 585 1799 prodigi,
601 1720 682 1779 alteri
696 1723 837 1780 liberales.
877 1722 1013 1802 Prodigi,

170 1828 202 1878 15
218 1817 267 1893 qui
294 1817 396 1894 epulis,
423 1828 453 1875 et
478 1818 729 1890 viscerationibus,
757 1830 787 1876 et
818 1819 1013 1896 gladiatorum

216 1913 397 1985 muneribus,
421 1914 553 1972 ludorum
583 1916 827 1991 venationumque
861 1928 1013 1993 apparatu,

216 2009 356 2085 pecunias
376 2010 554 2086 profundunt
576 2012 605 2068 in
627 2031 677 2069 eas
696 2032 752 2084 res,
767 2032 888 2089 quarum
903 2033 1014 2074 mento·

216 2106 288 2165 riam
311 2099 359 2164 aut
379 2108 504 2180 brevem,
520 2119 570 2166 aut
587 2109 696 2167 nullam
710 2110 839 2181 omnino,
854 2111 914 2170 sint
927 2108 1013 2170 relicss

216 2205 282 2262 turi.
331 2203 479 2262 Liberales
494 2216 600 2277 autem,
616 2206 739 2281 quisuis
754 2205 941 2266 facultatibus
962 2221 1013 2267 aut

169 2305 201 2358 Β)
217 2312 316 2378 captos
337 2321 354 2359 a
372 2302 557 2378 praedonibus
577 2302 736 2374 redimunt,
753 2313 801 2360 aut
822 2306 1012 2364 aes'alienum

216 2398 379 2474 suscipiunt
394 2384 562 2465 amicorum,
576 2407 625 2455 aut
636 2396 665 2454 in
677 2399 800 2457 liliatum
814 2400 1012 2461 collocatione

217 2493 362 2569 adjuvant,
378 2504 427 2552 aut
447 2493 622 2571 opitulantur
643 2494 673 2551 in
690 2513 722 2552 re
736 2497 780 2553 vel
794 2499 950 2572 quaerendai
964 2501 1010 2558 vel

217 2586 357 2665 augendi.
399 2589 501 2666 Itaque
515 2591 614 2663 miror,
629 2591 697 2666 quid
712 2592 742 2649 in
757 2603 884 2650 mentem
898 2598 1010 2655 venerit

215 2684 428 2761 Theophrasto,
455 2688 486 2744 in
519 2706 555 2753 eo
572 2688 672 2760 libro,
703 2708 788 2764 quem
821 2691 858 2748 de
891 2691 1011 2751 Divitiis

169 2787 202 2840 25
215 2780 342 2856 scripsit,
363 2782 392 2838 in
414 2800 472 2856 quo
491 2782 581 2841 multa
599 2784 752 2860 praeclare3
774 2785 845 2842 illud
867 2788 1009 2848 absurde:

215 2888 260 2938 est
283 2878 360 2936 enim
385 2878 492 2936 multus
516 2879 546 2936 in
570 2880 714 2940 laudande
740 2882 957 2960 magnificentid
980 2897 1010 2944 et

212 2977 402 3054 'apparatione
434 2976 616 3054 popularium
649 2998 817 3052 muuemm3
850 2978 1010 3060 taliumque
