2200 3492
350 629 395 687 M.
420 628 581 686 TULLII
612 626 855 684 CICERONIS

460 834 523 900 nr:
553 832 757 913 cuncus,

583 1006 647 1042 31³1

412 1145 600 1196 MARCUM
625 1142 797 1206 FILIUM,

467 1316 568 1365 LIBER
586 1315 738 1363 TERTIUS.

247 1647 271 1706 I.
293 1648 433 1707 Priamum
455 1650 638 1721 Sermonem,
659 1647 761 1705 Marce
783 1644 834 1718 fili,
852 1665 930 1718 eum,
952 1644 1003 1722 qui

207 1728 316 1823 primus
331 1744 489 1802 Africanus
511 1746 670 1821 appellatus
690 1753 744 1816 est,
758 1742 857 1800 dicere
873 1740 1002 1815 solitum,

208 1840 324 1916 scripsit
344 1838 430 1913 Cato,
444 1841 494 1916 qui
515 1841 569 1898 fuit
590 1839 650 1898 fere
670 1841 733 1917 ejus
747 1840 874 1915 aequalis,
890 1846 910 1872 “
920 1838 1005 1898 Nun·

208 1955 294 2013 quam
309 1936 448 1994 seminus
463 1937 587 1994 otiosum
600 1956 675 2009 esse,
689 1956 774 2014 quarn
790 1956 856 1993 cum
874 1937 1003 2006 otiosus;

176 2040 193 2088 5
208 2053 264 2092 nec
279 2034 373 2091 minus
387 2034 490 2106 solum,
502 2052 588 2110 quam
603 2054 670 2092 cum
685 2034 762 2092 solus
774 2035 877 2091 esset.''
921 2033 1005 2111 Mag·
1080 2080 1081 2105 q

208 2130 297 2188 nifica
310 2150 378 2189 vero
392 2148 454 2203 vox,
470 2141 499 2189 et
513 2151 620 2208 magno
634 2131 694 2189 viro
710 2150 743 2187 ac
758 2130 887 2206 sapiente
903 2131 1004 2207 digna,

208 2247 273 2304 que
294 2227 430 2300 declarat,
445 2228 526 2285 illum
547 2240 577 2286 et
598 2229 628 2286 in
649 2229 710 2285 otio
730 2227 766 2284 de
786 2227 911 2304 negotiis
925 2227 1006 2304 cogi-

208 2336 280 2396 tare,
302 2325 381 2383 etin
402 2325 558 2383 solitudine
579 2320 678 2382 secum
702 2324 782 2399 loqui
810 2324 943 2394 solitum;
972 2335 1006 2382 ut
1080 2400 1081 2403 Ἴ

209 2440 302 2498 neque
327 2432 454 2481 cessaret
477 2406 614 2497 unquam,
636 2433 664 2479 et
689 2420 833 2478 interdum
858 2421 1006 2495 colloquio
1080 2442 1081 2445 ¹

163 2528 194 2578 10
210 2516 326 2575 ulterius
346 2538 405 2576 non
426 2529 532 2596 egeret.
574 2516 677 2592 Itaque
697 2518 761 2574 duae
782 2536 837 2589 res,
859 2537 923 2592 quae
944 2518 1005 2575 ian·

209 2632 329 2690 guorem
351 2616 473 2672 afferunt
494 2614 616 2685 ceteris,
634 2614 714 2671 illum
737 2614 890 2686 acuebant,
912 2613 1005 2672 otium

209 2721 239 2768 et
252 2710 386 2768 solitudo,
428 2710 542 2768 Vellem
563 2711 647 2767 nobis
662 2711 718 2768 hoc
733 2711 810 2768 idem
824 2729 890 2767 vere
905 2711 1006 2770 dicere

210 2806 327 2865 liceret:
349 2806 438 2878 sed‚s
424 2806 559 2864 siminus
580 2806 742 2866 imitatione
762 2817 871 2865 tantam
893 2808 1006 2884 ingenii

210 2903 401 2980 praestantiam
423 2904 562 2979 consequi
582 2923 745 2980 possumus,
761 2876 905 2961 ioluntate
925 2915 1007 2961 certe

165 3017 196 3067 15
211 3001 338 3079 proxime
360 3000 534 3059 accedimus.
577 3000 654 3059 Nam
670 3011 699 3058 et
714 3021 728 3058 a
743 2999 893 3077 republica
911 3001 1008 3059 foren-
