2200 3492
181 197 239 256 118
517 204 563 253 nn
584 204 731 253 omens.
942 198 1020 263 run

226 372 293 413 cum
318 355 355 413 de
378 354 562 432 philosophia
588 355 761 435 scriberem)
784 370 844 413 non
871 353 1019 426 auderem,

226 451 283 509 nisi
297 451 373 509 idern
386 451 515 527 placeret
536 451 708 529 gravissimo
730 452 907 523 Stoicorum,
922 450 1021 509 Paum·

226 547 278 606 tio.
327 545 456 606 Maxime
479 558 575 606 autem
589 558 620 606 st
632 548 726 626 gloria
745 548 855 625 paritur
876 558 906 606 et
929 547 1022 625 gratis
1050 616 1055 629 ι

227 642 459 714 defensionibus;
481 662 574 720 eoque
596 644 696 721 major,
715 643 740 702 si
763 644 880 720 quando
902 642 1018 715 accidit,

195 749 259 799 5ut
280 741 308 798 ei
330 740 525 813 subveniatur,
547 741 597 816 qui
620 741 751 817 potentis
771 741 894 818 alicujus
918 740 1020 817 opibus

227 836 430 895 circumveniri
452 837 606 914 urgerique
620 838 767 896 videatur:
789 847 821 896 nt
834 856 889 895 nos
902 846 934 895 et
948 853 1019 914 sape
1063 878 1065 925 l

228 934 309 1006 alias,
322 944 353 991 et
366 933 575 1006 adolescentes,
590 944 693 993 contra
715 934 747 992 L.
763 934 851 993 Sulla
871 932 1022 992 dominan-
1064 948 1065 953 ’

227 1031 264 1088 tis
278 1049 357 1107 opes,
370 1049 424 1106 pro
446 1031 476 1090 S.
491 1029 603 1091 Roscio
622 1032 765 1091 Amerino
786 1031 928 1089 fecimus:
949 1048 1028 1107 que,

227 1137 260 1186 ut
273 1128 341 1201 scis,
356 1136 448 1186 exstat
458 1127 562 1187 oratio.

182 1331 213 1381 10
267 1320 334 1379 XV.
356 1322 426 1395 Sed,
440 1323 586 1401 expositis
598 1322 824 1382 adolescentium
839 1323 948 1380 officiis
961 1340 1021 1405 qua

228 1418 341 1481 valeant
365 1420 401 1478 ad
425 1420 548 1498 gloriam
572 1420 798 1497 adipiscendam,
821 1418 965 1497 deinceps
985 1418 1020 1476 dc

227 1516 422 1579 benefioentii
444 1536 479 1576 ac
498 1517 669 1576 liberalitate
683 1516 840 1575 dicendum
853 1526 916 1587 est;
939 1516 1022 1593 cujus

221 1623 273 1671 'est
298 1614 372 1672 ratio
399 1615 521 1691 duplex:
555 1634 622 1673 nam
652 1624 701 1672 aut
725 1614 816 1688 opera
839 1613 971 1690 benigne
992 1612 1021 1670 lit

229 1709 435 1787 indigentibus,
465 1720 514 1770 aut
541 1710 677 1787 pecunia
730 1709 859 1768 Facilior
885 1720 933 1768 est
961 1711 1021 1768 hec

182 1807 214 1856 15
227 1806 379 1882 posterior,
401 1806 538 1884 locupleti
557 1807 734 1884 prasertim:
763 1805 815 1863 sed
841 1806 891 1865 illa
918 1806 1021 1865 lautior

230 1921 265 1960 ac
291 1901 478 1979 splendidior,
502 1913 533 1963 et
557 1904 619 1963 viro
645 1904 711 1963 sorti
737 1904 874 1979 claroque
894 1904 1020 1983 dignior.

228 1999 404 2076 Quanquam
428 2000 506 2059 enim
530 2001 561 2059 in
587 2011 710 2077 utroque
737 2001 811 2059 inest
838 2001 1021 2078 gratificandi

228 2096 356 2155 liberalis
368 2098 509 2170 voluutas,
523 2108 621 2157 tamen
636 2099 726 2157 altera
738 2117 773 2155 er
788 2098 866 2170 arci,
882 2098 976 2157 altera
988 2117 1022 2156 ex

229 2193 343 2266 virtute,
366 2194 560 2271 depromitur:
590 2195 772 2273 largiticque,
794 2212 858 2270 qne
880 2194 911 2252 fit
935 2214 973 2254 ex
992 2213 1021 2252 re

182 2297 214 2346 20
230 2290 373 2364 familiari,
398 2292 508 2351 sontem
539 2293 634 2369 ipsum
665 2291 853 2369 benignitatis
878 2292 1021 2351 exhaurit.

228 2387 275 2447 Ita
295 2388 474 2467 benignitate
496 2388 661 2466 benignitas
681 2388 807 2458 tollitur3
829 2389 886 2464 qui
907 2409 969 2465 quo
993 2388 1020 2447 in

228 2485 324 2563 plures
337 2506 406 2544 usus
420 2486 469 2559 sis,
484 2505 520 2563 eo
533 2485 630 2543 minus
644 2484 674 2542 in
690 2484 795 2543 multos
808 2485 850 2543 uti
863 2487 967 2561 possis.

268 2582 310 2639 At
335 2581 384 2657 qui
414 2583 513 2659 operi,
541 2582 570 2641 id
598 2592 652 2653 est,
680 2582 785 2641 virtute
810 2592 841 2640 et
867 2583 1019 2653 industrii,

229 2677 351 2736 benefici
365 2689 395 2736 et
408 2679 541 2738 liberales
555 2689 649 2751 erunt,
662 2678 797 2755 primum,
812 2698 870 2755 quo
890 2676 1021 2755 pluribus

182 2781 214 2830 25
228 2772 396 2851 profuerint,
426 2794 462 2833 eo
494 2775 592 2853 plnres
626 2776 662 2833 ad
696 2776 822 2854 benigne
855 2776 1019 2835 laciendum

230 2870 375 2948 adjutores
393 2871 557 2929 habebunt:
579 2870 695 2946 deinde,
709 2873 922 2932 consuetudine
938 2874 1033 2931 bene-'

230 2967 363 3043 licentia,
376 2968 536 3044 paratiores
556 2981 652 3043 erunt,
674 2980 703 3029 et
724 2979 860 3048 tanquam
883 2971 1020 3029 exercita·
