2200 3492
94 214 190 290 nin]
386 232 429 278 on
451 232 598 279 unrocus,
879 223 937 281 157

94 385 126 436 et
146 365 312 438 constantia
337 390 441 442 natura
468 381 623 454 desiderat,
647 379 890 457 adspematurque

96 475 268 557 denuntia),
297 477 426 553 nihilque
459 486 518 535 tam
552 477 713 537 seeundum
746 486 890 550 naturam,

96 589 184 647 quam
211 573 337 644 utilitas;
372 583 450 632 certe
480 575 511 632 in
538 574 640 632 eidem
668 593 699 632 re
727 574 835 632 utilitas
861 582 891 631 et

95 669 247 744 turpitudo
267 689 330 729 esse
351 690 408 729 uon
432 681 533 747 potest.
575 670 716 747 Itemque,
738 670 762 728 si
784 670 819 728 ad
841 670 891 727 ho-

95 775 239 823 nestatem
259 767 320 826 nati
340 787 449 841 sumus,
466 786 557 844 eaque
579 778 628 825 aut
648 768 711 826 sola
730 768 921 845 expetenda5

95 871 141 921 est
162 860 209 939 (ut
229 860 346 922 Zeironi
366 864 459 922 visum
480 866 549 945 est),
565 875 613 922 aut
634 875 713 922 certe
728 864 807 923 omni
820 883 891 942 pon-

96 955 166 1017 dere
200 961 314 1037 gravior
347 961 491 1035 habenda,
524 981 610 1039 quam
647 962 758 1038 reliqua
793 962 891 1019 omnia

97 1054 190 1133 (quod
224 1057 375 1135 Aristoteli
409 1059 536 1140 plaeet);
571 1077 692 1117 neeesse
725 1068 779 1131 est,
813 1059 890 1136 quod

96 1154 253 1213 honestum
281 1154 328 1226 sit,
350 1154 380 1212 id
400 1175 464 1213 esse
485 1168 533 1215 unt
555 1157 648 1214 solum
671 1166 720 1214 aut
747 1174 889 1214 summurn

96 1250 224 1308 bonum:
246 1251 323 1329 quod
337 1263 439 1313 'autern
459 1253 578 1326 bonum,
593 1253 623 1310 id
638 1264 717 1312 uerte
730 1254 818 1312 utile:
840 1253 890 1324 ita,
906 1243 937 1313 10

96 1347 237 1424 quidquid
253 1348 416 1422 honesturn,
431 1350 460 1408 id
475 1350 553 1409 utile.

136 1442 240 1506 Quare
268 1463 347 1501 error
374 1445 524 1503 hominum
552 1465 612 1503 non
635 1446 801 1523 proborum,
823 1463 890 1502 oum

97 1539 219 1616 aliquid,
240 1541 318 1616 quod
344 1541 415 1600 utile
436 1542 527 1600 visum
548 1552 602 1615 est,
625 1542 753 1617 arripuit,
773 1541 803 1598 id
824 1560 892 1598 oon·

96 1637 181 1696 tinuo
207 1639 333 1697 secernit
361 1639 397 1696 ab
424 1639 556 1697 honesto.
608 1636 688 1695 Hine
715 1639 793 1711 sioae,
821 1637 891 1695 hine

97 1753 220 1807 venena,
242 1735 312 1793 hino
333 1736 403 1794 falsa
424 1745 598 1793 testamenta
619 1742 793 1793 nascuntur:
821 1734 891 1793 hino
907 1746 937 1795 15

97 1831 185 1904 furta,
221 1833 387 1908 peculatus,
421 1832 619 1909 expilationes,
657 1832 889 1910 direptionesque
918 1818 924 1831 ⁰

97 1929 294 1987 sooiorumxet
315 1928 439 1989 civium:
467 1924 537 1988 hino
559 1950 645 2007 opum
669 1930 821 1988 nimiarum
842 1949 892 2007 po·

96 2026 196 2084 tentiae
217 2045 274 2085 non
296 2026 438 2086 ferendae:
458 2038 615 2104 postremo,
634 2028 721 2084 etiem
742 2026 772 2085 in
792 2026 892 2084 liberis

98 2122 274 2196 eivitatibus,
296 2124 438 2202 regnandi
458 2124 600 2182 exsistunt
620 2122 809 2199 cupiditates3
831 2123 892 2198 qui·

98 2220 153 2279 bus
173 2221 245 2278 nihil
267 2241 322 2279 neo
343 2221 446 2279 tetrius
463 2240 519 2279 nec
540 2220 645 2277 foedius
665 2220 826 2296 excogitari
842 2237 892 2295 po·
906 2231 938 2280 20

98 2327 163 2376 test.
204 2318 410 2377 Emolumenta
429 2319 507 2378 enim
528 2336 630 2375 rerum·
645 2316 797 2374 fallacibus
818 2315 893 2391 judi·

99 2402 154 2473 oiis
167 2414 281 2472 vident:
303 2434 428 2491 poenam,
442 2434 501 2472 non
522 2413 590 2472 dioo
610 2414 717 2489 legum,
733 2431 803 2487 quas
817 2431 893 2488 saepe

98 2521 297 2589 perrumpunt,
319 2512 370 2569 sed
393 2512 486 2588 ipsius
513 2510 709 2587 turpitudinis,
730 2529 793 2586 quae
815 2529 893 2567 auer-

99 2608 220 2667 bissima
233 2619 286 2679 est,
302 2628 359 2666 non
374 2609 479 2667 vident.
724 2590 727 2597 ¹

137 2705 340 2767 Quamobrem
360 2705 418 2763 hoo
434 2705 550 2781 quidem
565 2703 786 2762 deliberantium
801 2723 893 2781 genus
907 2723 940 2772 25

10 2806 11 2821 ¹
97 2803 223 2880 pellatur
246 2820 263 2858 e
288 2801 385 2858 medio
411 2800 469 2878 (est
495 2802 574 2860 enim
600 2812 693 2859 totum
720 2801 893 2859 sceleratum

100 2910 130 2958 et
150 2898 296 2979 impium),
318 2898 367 2974 qui
387 2898 556 2971 deliberant,
571 2898 668 2956 utrum
688 2898 717 2955 id
738 2907 894 2974 sequantur

99 2997 178 3076 quod
211 2997 364 3056 honestum
398 3013 462 3053 esse
491 2995 618 3070 videant,
646 3014 683 3053 un
710 3013 742 3053 se
768 2993 894 3051 scientes

340 3091 378 3150 14
