2200 3492
160 290 201 351 20
506 299 550 345 nu
570 296 708 345 orneris
929 291 969 353 [ι.
982 293 1002 344 ι.

208 451 315 526 ficatio,
330 452 440 511 nemini
462 469 584 524 nocens,
599 449 803 527 vituperanda:
825 447 876 505 sed
890 446 1003 525 fugien-

208 550 246 608 da
260 568 371 626 semper
386 548 491 627 injuris
504 559 557 607 est.
647 598 651 615 ,

248 645 376 704 Maxime
399 655 494 704 autem
518 646 701 713 adducuntur
728 643 867 721 plerique,
892 652 924 700 ut
950 660 1004 699 eos

205 743 324 820 justitie
345 742 440 819 capiat
460 742 578 815 oblivio,
599 761 666 799 cum
686 741 716 799 in
737 740 934 817 imperiorum,
951 737 1003 795 ho·

177 857 323 912 snorum,
351 839 460 919 glorie,
485 836 675 915 cupiditatem
705 835 869 895 inciderint.
908 834 1002 897 Quod

209 937 286 994 enim
301 946 345 993 est
360 936 436 1012 apud
450 934 590 1007 Ennium,

287 1048 390 1098 “Nulla
400 1053 487 1097 sancta
497 1047 613 1109 societas,
624 1062 672 1095 nec
682 1046 754 1110 fides,
763 1046 836 1112 regni
846 1046 911 1108 ent,¹’

209 1148 239 1207 id
259 1148 346 1206 latius
365 1158 463 1224 patet:
488 1166 566 1218 narn,
581 1146 721 1222 quidquid
741 1145 883 1223 ejusmodi
902 1155 957 1218 est,
972 1145 1004 1205 in

209 1265 267 1322 quo
287 1265 346 1303 non
366 1246 476 1321 possint
494 1244 593 1321 plures
613 1242 766 1316 excellere,
785 1243 873 1301 ineo
892 1242 924 1300 fit
943 1243 1006 1320 ple-

165 1353 194 1402 10
209 1361 331 1420 rumque
344 1352 425 1400 tanta
435 1341 596 1413 contentio,
608 1351 639 1398 ut
652 1340 855 1398 difficillimum
869 1339 907 1397 sit
920 1359 1005 1422 sanc

209 1451 268 1499 tam
296 1454 409 1499 servare
442 1438 621 1497 societatem.
662 1437 830 1496 Declaravit
858 1434 888 1494 id
915 1436 1004 1494 modo

176 1584 180 1591 a
210 1537 357 1596 temeritas
371 1534 550 1608 C.Caesaris,
563 1535 612 1611 qui
622 1534 721 1592 omnia
731 1534 797 1610 jura
807 1533 905 1591 divina
919 1543 1004 1609 atque

211 1634 337 1692 humana
356 1633 501 1710 pervertit,
522 1642 639 1708 propter
659 1651 738 1703 eum,
759 1648 845 1706 quem
865 1629 1004 1706 sibi-ipse

210 1729 357 1806 opinionis
377 1748 475 1786 errore
496 1729 626 1799 finxerat,
640 1727 844 1804 principatum.
886 1725 939 1784 Est
957 1746 1006 1784 au·

165 1840 196 1889 15
210 1836 269 1884 tem
290 1824 321 1882 in
342 1825 398 1881 hoc
419 1842 526 1901 genere
545 1824 708 1894 molestum,
723 1823 811 1899 quod,
827 1823 857 1880 in
872 1823 1005 1880 maximis

212 1922 324 1993 animis,
349 1919 646 1997 splendidissimisque
671 1919 807 1996 ingeniis,
834 1919 1005 1996 plerumque

210 2019 353 2077 exsistunt
368 2017 496 2089 honoriS,
511 2016 634 2092 imperii,
649 2016 796 2092 potentin,
807 2016 910 2097 ¹giorire
925 2017 1006 2093 cupi-

211 2116 332 2173 ditates:
354 2134 411 2189 quo
425 2113 517 2191 magis
538 2114 698 2171 cavendum
720 2124 774 2186 est,
788 2132 826 2171 nc
840 2114 909 2189 quid
923 2113 953 2171 in
968 2132 1005 2171 eo

211 2229 318 2290 genere
331 2221 478 2287 peccetur.

164 2316 197 2367 m
252 2308 310 2367 Sed
338 2307 369 2366 in
397 2307 476 2365 omni
503 2307 646 2384 injustitiis
672 2306 846 2383 permultum
874 2306 1005 2379 interest,

211 2416 307 2464 utrum
328 2405 546 2482 perturbatione
569 2404 665 2479 aliquit
686 2403 775 2463 animi
790 2402 868 2480 (quae
880 2404 1006 2479 plerum-

211 2522 268 2579 que
290 2502 383 2560 brevis
405 2514 458 2573 est,
481 2513 510 2559 et
533 2502 569 2558 ad
590 2502 729 2581 ternpus),
755 2518 791 2558 an
817 2501 951 2558 consulto
975 2512 1006 2558 et

212 2600 350 2677 cogitata,
370 2598 423 2656 fiat
443 2598 556 2674 injuria.
598 2597 722 2654 Leviora
741 2598 818 2655 enim
841 2608 916 2669 sunt,
940 2617 1005 2673 quae

211 2696 364 2772 repentino
385 2695 480 2771 ulique
502 2704 580 2751 motu
605 2694 751 2766 accidunt,
772 2713 858 2769 quam
879 2712 924 2766 ca,
941 2713 1005 2769 quae

165 2807 198 2858 25
212 2792 350 2851 meditata
370 2802 399 2851 et
418 2802 578 2868 preparata·
598 2791 767 2850 inferuntur.
788 2772 857 2848 'Ac
877 2788 914 2847 de
935 2790 1007 2848 inse·

212 2889 303 2948 rendri
316 2890 431 2967 quidem
446 2888 551 2965 injurii
566 2888 635 2946 satis
650 2888 759 2947 dictum
775 2898 826 2947 est.

253 3082 308 3144 [x.
329 3082 585 3145 Pretermittendae
608 3091 702 3140 nutem
723 3080 911 3155 defensionis,
926 3083 1007 3141 dese·
