2200 3492
173 223 231 282 108
509 237 554 284 nn
576 236 723 301 ornans.
934 233 974 293 [L.
984 232 1013 280 n.

219 396 356 458 nostram,
384 386 430 444 his
463 366 605 457 forturias,
632 385 677 444 his
708 384 824 457 liberos,
851 382 1013 441 rectissime

219 483 360 542 committi
388 484 567 543 arbitramur.
623 483 737 542 Harum
764 483 852 561 igitur
879 481 1012 550 duarum,

219 580 254 639 ad
275 581 362 639 fidem
383 582 556 655 faciendam,
575 582 688 659 justitia
700 581 765 658 plus
778 580 885 657 pollet;
907 578 1013 655 quippe

219 697 287 737 oum
300 698 345 753 ea,
357 679 420 737 sine
433 679 598 756 prudentii,
610 678 679 737 satis
693 678 799 736 habeat
814 676 1012 745 auctoritatis,

187 778 204 826 5
218 776 379 854 prudentia,
394 778 457 835 sine
468 777 589 854 justitiet,
605 776 677 834 nihil
691 776 784 852 valeat
798 775 833 833 ad
849 773 1013 832 faciendam

218 872 313 934 fidem.
353 875 426 937 Quo
444 875 522 933 enim
536 875 601 949 quis
615 874 755 933 versutior
768 882 799 931 et
812 873 947 931 callidior
961 883 1012 944 est,

218 974 275 1031 hoo
309 974 426 1031 invisior
453 982 483 1031 et
509 972 679 1049 suspectior,
708 971 839 1029 detraotd
874 970 1013 1047 opinione

217 1071 376 1148 probitatis.
436 1071 638 1133 Quamobrem
671 1069 869 1147 intelligentiae
901 1068 1014 1145 justitia

218 1168 383 1244 conjuncta,
399 1178 538 1243 quantum
552 1168 637 1241 volet,
653 1166 781 1239 habebit,
798 1166 833 1224 ad
848 1164 1014 1223 laciendum

172 1263 203 1312 1⁰
218 1264 314 1336 fidem,
336 1264 457 1322 virium:
477 1265 597 1342 justitia,
619 1265 682 1322 sine
702 1263 867 1340 prudentii,
890 1262 1013 1320 multum

216 1360 339 1438 poterit:
360 1360 423 1418 sine
435 1361 558 1438 justum,
573 1361 645 1419 nibil
659 1360 766 1419 valebit
779 1359 943 1437 prudentia.
1015 1431 1017 1434 Α

257 1555 297 1613 Χ.
319 1556 388 1628 Sed,
403 1574 440 1613 ne
460 1555 524 1632 quis
542 1555 581 1612 sit
595 1554 761 1626 admiratus,
777 1573 838 1626 our,
854 1572 921 1611 oum
937 1553 1015 1611 inter

218 1670 319 1710 omnes
338 1653 524 1730 philosophos
544 1662 669 1724 constet,
692 1670 831 1727 aruaque
852 1651 915 1727 ipso
936 1670 1016 1727 saepe

217 1750 394 1825 disputatum
408 1749 454 1821 sit,
469 1750 518 1825 qui
539 1766 627 1807 unam
646 1750 775 1821 haberet,
789 1767 891 1807 omnes
904 1749 1016 1806 habere

172 1845 203 1894 15
217 1846 346 1917 virtutes,
368 1865 448 1903 nuno
475 1847 516 1904 ita
541 1847 703 1924 sejungam,
724 1845 806 1922 quasi
825 1846 915 1923 possit
937 1846 1015 1921 quis-

218 1958 313 2017 quam,
334 1942 383 2018 qui
411 1961 470 2000 non
492 1938 568 2001 idem
595 1945 721 2022 prudens
742 1944 789 2015 sit,
808 1943 904 2020 justus
931 1962 1013 2013 esse;

218 2038 332 2096 aliaest
347 2039 405 2111 illa,
420 2059 488 2098 oum
502 2042 608 2099 veritas
629 2042 691 2118 ipsa
711 2041 827 2100 limatur
841 2041 871 2098 in
886 2041 1016 2117 disputa·

216 2135 307 2208 tione,
329 2137 488 2209 subtilitas;
513 2138 579 2208 alia,
601 2158 667 2197 oum
690 2138 725 2196 ad
746 2137 912 2214 opinionem
935 2156 1017 2195 oom-

217 2253 334 2292 munem
362 2235 456 2292 omnis
485 2236 718 2294 accommodatur
746 2236 846 2294 oratio.
900 2235 1017 2297 Quam·

171 2329 203 2379 2⁰
218 2332 328 2404 obrem,
343 2341 375 2390 ut
389 2333 500 2409 vulgus,
516 2333 556 2390 ita
576 2352 630 2390 nos
650 2333 707 2392 hoc
727 2332 793 2390 loco
812 2332 966 2409 loquimur,
984 2342 1017 2391 ut

219 2427 290 2485 alios
311 2429 409 2501 sortes,
432 2430 503 2486 alios
525 2430 617 2486 bonos
637 2429 722 2501 vitoe,
746 2429 817 2487 alios
843 2429 1015 2505 prudentes,

218 2523 357 2583 dicamus.
399 2525 590 2603 Popularibus
607 2525 685 2583 enim
699 2527 794 2583 verbis
808 2537 852 2583 est
866 2527 1016 2603 agendum

218 2629 248 2678 et
269 2621 390 2693 usitatis,
405 2642 470 2681 oum
491 2622 634 2699 loquimur
649 2624 686 2680 de
699 2624 838 2700 opinione
860 2625 1015 2700 populari:

219 2717 306 2793 idque
333 2719 435 2776 eodem
463 2720 550 2776 modo
579 2720 648 2778 seuit
677 2720 831 2779 Panaetius.
888 2722 949 2779 Sed
979 2723 1017 2780 ad

173 2822 205 2873 25
217 2815 395 2892 propositum
410 2826 595 2874 revertamur.

258 2911 330 2971 Erat
350 2911 447 2992 igitur,
469 2928 504 2971 ex
524 2915 616 2973 tribus
636 2936 699 2993 quae
721 2916 757 2975 ad
777 2917 900 2994 gloriam
927 2919 1019 2994 perti·

216 3020 299 3085 nent,
320 3011 377 3070 hoa
403 3010 531 3087 tertium,
550 3023 593 3088 ut,
615 3033 682 3073 oum
710 3013 901 3075 admiratione
923 3015 1020 3075 bomi-
