2200 3492
83 248 181 308 nm]
378 249 421 297 un
444 249 590 297 ornans,
870 238 924 297 161

81 397 164 476 juria
190 398 249 470 fiat,
278 398 459 456 serviendum
487 410 538 457 est.
581 399 662 457 Scite
691 398 879 477 Chrysippus,

83 503 119 553 ut
140 494 241 567 multa,
258 478 349 557 “Qui
369 495 522 568 stadium,”
538 495 642 572 inquit,
657 502 676 529 “
686 496 786 568 currit,
808 494 879 553 eniti

85 601 116 650 et
143 591 320 649 contendere
347 588 442 663 debet,
464 609 549 668 quam
577 592 700 650 maxime
726 593 827 669 possit,
848 601 880 649 ut

86 687 203 745 vincat:
237 687 420 764 supplantare
451 708 528 760 eum,
556 688 673 765 quicum
702 699 802 762 certet,
831 699 880 747 aut

86 802 177 841 manu
199 783 351 860 depellere,
373 784 453 842 nullo
473 785 560 842 modo
581 785 682 842 debet:
707 786 749 844 sic
770 785 800 844 in
821 786 909 844 victe

87 880 144 937 sibi
165 899 308 956 quemque
327 891 436 957 petere,
458 876 699 958 quod'pertineet
723 882 758 940 ad
783 901 878 954 usum,

87 995 146 1035 non
169 977 297 1053 iniquum
319 987 379 1035 est:
404 977 485 1035 alteri
505 977 646 1054 deripere,
658 979 706 1055 jus
726 998 786 1036 non
806 979 877 1036 est.''
938 966 940 975 Χ

129 1072 258 1131 Maxime
279 1084 374 1132 autem
394 1075 597 1150 perturbantur
618 1075 715 1133 officia
732 1076 762 1133 in
782 1075 880 1135 amici·

88 1169 153 1240 tiis;
179 1171 283 1246 quibus
303 1181 332 1227 et
351 1189 410 1228 non
432 1172 559 1228 tribuere
580 1172 756 1248 quodreote
775 1173 878 1249 possis,

89 1276 118 1324 et
131 1267 348 1343 tribuerequod
363 1284 423 1325 non
438 1268 475 1325 sit
493 1288 617 1343 equum,
633 1279 734 1327 contra
751 1270 878 1328 officium
894 1274 924 1323 1⁰

89 1373 140 1420 est.
197 1365 255 1421 Sed
283 1364 368 1440 hujus
394 1365 508 1442 generis
535 1366 624 1423 totius
652 1367 737 1423 breve
763 1377 793 1424 et
819 1385 879 1424 non

89 1460 208 1518 difficile
234 1471 408 1539 preceptum
436 1472 487 1519 eet.
540 1462 619 1524 Quae
645 1463 723 1520 enim
746 1463 878 1521 videntur
900 1450 903 1467 l

57 1557 182 1630 »utilia
197 1557 331 1630 honores,
348 1558 465 1626 divitiae,
479 1559 648 1635 voluptates,
670 1569 774 1616 caetera
793 1560 880 1635 gene'-

89 1655 128 1712 ris
142 1654 281 1732 ejusdem,
293 1642 355 1712 hiec
370 1655 504 1714 amicitiae
518 1674 664 1731 nunquam
680 1655 880 1731 anteponenda

89 1760 165 1809 eunt.
221 1750 262 1808 At
294 1743 400 1828 neque*
414 1761 515 1809 contra
540 1752 758 1827 rempublicam,
785 1771 879 1827 neque
889 1757 924 1805 '15

90 1857 193 1905 contra
216 1847 415 1924 jusjurandum
438 1867 472 1906 ac
492 1848 588 1920 fidem,
611 1848 696 1907 amici
717 1851 815 1921 causd,
836 1850 879 1908 vir

90 1944 184 2002 bonus
203 1943 306 2014 saciet3
334 1963 371 2001 ne
392 1943 417 2002 si
440 1944 528 2021 judex
549 1945 663 2021 quidem
684 1945 739 2004 erit
759 1945 796 2003 de
817 1945 879 2022 ipso

91 2040 194 2099 amico.
236 2040 322 2097 Ponit
335 2041 413 2099 enim
427 2060 580 2118 personam
596 2041 690 2113 amici,
703 2061 769 2100 cum
785 2043 878 2101 induit

87 2137 203 2214 judicis.
221 2154 224 2159 ·
245 2137 374 2198 Tantum
396 2137 475 2195 dabit
496 2138 640 2208 amicitiae,
653 2147 687 2198 ut
701 2158 794 2196 veram
811 2139 879 2196 ami·

91 2233 119 2291 ci
141 2253 259 2292 causam
279 2253 343 2291 esse
362 2234 459 2293 malit:
488 2243 519 2292 ut
539 2234 655 2292 orandae
677 2234 736 2291 litis
755 2245 877 2311 tempus,
891 2242 923 2292 to

90 2330 184 2407 quoad
202 2349 253 2407 per
267 2331 346 2408 leges
359 2331 456 2402 liceat,
473 2330 680 2388 accommodet.
722 2330 797 2387 Cum
813 2349 880 2388 vero

88 2428 184 2505 jurato
206 2427 349 2485 sententia
370 2427 495 2485 dicenda
521 2427 569 2498 sit,
589 2427 762 2499 meminerit,
784 2427 880 2484 Deum

91 2542 122 2583 se
144 2522 280 2581 adhibere
299 2532 412 2595 testem,
427 2522 457 2580 id
478 2535 521 2581 est
536 2520 581 2601 (ut
603 2521 738 2602 arbitror)
754 2509 880 2581 mentem

90 2638 182 2691 suam,
198 2618 254 2694 qud
272 2619 344 2676 nihil
359 2619 467 2679 homini
481 2619 562 2677 dedit
575 2619 657 2677 Deus
670 2618 730 2695 ipse
745 2620 878 2679 divinius.

88 2715 191 2792 Itaque
204 2715 372 2792 praeclarum
388 2735 405 2773 a
418 2715 574 2792 majoribus
589 2716 754 2792 accepimus
770 2736 879 2775 morem
891 2725 923 2774 25

9 2855 10 2876 ι
90 2812 212 2889 rogandi
230 2812 348 2888 judicis,
363 2800 470 2869 si'eum
490 2822 664 2884 teneremus,
680 2819 698 2845 “
707 2812 784 2874 Qum
802 2815 880 2872 salvi

90 2909 147 2967 fide
162 2909 258 2966 facere
271 2909 389 2985 possit.''
412 2936 416 2941 Δ
432 2908 506 2966 Haeo
519 2909 632 2985 rogatio
648 2911 684 2966 ad
698 2928 733 2967 ea
745 2911 879 2985 pertinet,

91 3023 155 3082 quae
180 3005 268 3081 paulo
296 3012 362 3062 ante
389 3003 454 3061 dixi
476 3005 597 3074 honeste
623 3005 716 3062 amico
742 3025 759 3062 a
781 3004 880 3081 judice

328 3101 392 3160 tt*
