2200 3492
87 224 116 273 u
127 224 159 285 1.]
384 228 428 275 m:
447 227 595 276 omucns.
891 217 932 276 67

85 384 131 433 eat
151 394 265 449 eorum,
280 376 340 451 qui,
355 388 405 435 aut
422 377 593 436 excellentia
611 375 722 454 ingenii
741 374 885 454 maguitu-

85 471 166 544 dine,
190 486 241 531 aut
267 474 407 550 praeolard
434 474 598 532 eruditione
626 483 712 549 atque
738 472 883 545 doetrind,

87 578 136 627 aut
150 571 275 645 utrique
289 589 321 628 re
335 573 440 643 ornati,
452 572 576 647 spatium
587 570 767 628 deliberandi
778 570 886 627 habue-

86 676 163 739 runt,
176 685 263 740 quem
273 667 454 743 potissimum
466 668 530 726 vite
540 687 659 731 eursum
669 665 750 742 sequi
760 666 883 727 vellent:

14 774 15 779 ’
87 764 116 821 in
130 765 189 839 quii
204 764 425 838 deliberatione,
441 766 477 824 ad
491 785 573 823 auam
588 765 728 842 cujusque
748 775 883 823 naturam
900 771 916 819 5

87 861 244 919 eonsilium
259 872 304 919 est
316 881 402 920 omne
416 862 619 920 revocandum.
660 861 749 933 Nam,
764 880 843 932 oum,
855 860 884 917 in

85 958 223 1016 omuibus*
237 977 302 1033 quae
318 970 451 1036 aguntur,
466 978 502 1017 ex
524 978 561 1015 eo
582 959 670 1016 modo
688 977 746 1033 quo
763 958 884 1032 quisque

86 1065 171 1113 natus
186 1065 242 1127 est,
260 1055 307 1133 (ut
327 1057 538 1132 supradictum
553 1057 612 1136 eat)
627 1055 695 1131 quid
710 1056 823 1125 deceat,
838 1074 886 1111 ex·

87 1152 246 1227 quirimus;
269 1163 330 1211 tum
352 1155 382 1210 iu
402 1154 466 1211 toti
488 1154 546 1211 virt
564 1152 778 1222 constituendi,
793 1151 885 1209 multo

86 1261 128 1308 est
148 1269 225 1307 eure
245 1250 336 1326 major
359 1250 532 1321 adhibenda,
554 1260 586 1307 ut
608 1259 742 1306 constare
765 1248 794 1305 in
820 1247 883 1305 vite
900 1258 930 1307 10

87 1347 285 1423 perpetuitate
295 1347 440 1422 possimus
453 1347 599 1404 nobismet
613 1344 694 1421 ipsis,
709 1363 765 1401 neo
779 1344 809 1400 in
824 1343 884 1401 ullo

86 1443 182 1502 officio
197 1443 375 1501 claudicare.

123 1540 173 1597 Ad
197 1541 276 1599 haue
299 1550 394 1597 autem
408 1540 563 1611 rationem,
578 1537 716 1613 quoniam
730 1536 885 1595 maximam

88 1636 142 1693 vim
164 1645 273 1694 natura
292 1636 390 1708 habet,
405 1635 523 1695 fortuna
538 1633 716 1712 proximamp
737 1633 885 1708 utriusque

89 1733 207 1791 omnino
231 1734 305 1791 ratio
329 1732 464 1792 habenda
486 1742 532 1791 eat
553 1732 583 1791 iu
604 1731 758 1809 deligendo
778 1750 885 1808 genere
901 1734 932 1782 15

90 1830 167 1899 νῆες
190 1829 244 1886 sed
266 1839 376 1887 nature
395 1828 503 1907 magis:
523 1829 617 1887 multo
636 1829 714 1886 enim
730 1838 760 1887 et
776 1828 884 1886 tirmior

89 1937 139 1997 eat,
154 1937 185 1983 et
197 1926 381 1985 constantior
393 1947 400 1996 ;
413 1912 455 1984 ¹ut
469 1926 585 1984 fortuna
594 1944 812 2001 nonnunquam,
823 1937 887 1984 tan«

90 2024 259 2098 quamipsa
276 2024 415 2094 mortalis,
431 2042 499 2081 oum
519 2024 672 2083 immortali
690 2024 793 2082 naturai
814 2043 886 2099 pug-

91 2139 157 2178 nare
179 2121 321 2177 videatur.
362 2120 426 2191 Qui
449 2120 537 2197 igitur
560 2121 595 2177 ad
619 2134 728 2178 naturae
747 2141 806 2179 suae
824 2139 883 2178 non

91 2217 199 2274 vitiose
213 2235 307 2293 genus
320 2217 475 2277 eonsilium
490 2217 605 2274 vivendi
618 2237 705 2275 omne
719 2217 884 2287 eontulerit,
900 2225 932 2274 2⁰

92 2313 114 2369 is
132 2313 327 2372 constantiam
347 2324 444 2371 teneat
460 2314 503 2392 (id
525 2314 603 2371 enim
627 2315 752 2371 maxime
774 2314 884 2391 decet),

91 2410 144 2467 uisi
171 2409 246 2467 forte
274 2428 306 2469 se
334 2409 507 2468 intellexerit
537 2411 649 2469 errisse
674 2409 704 2467 in
729 2410 885 2485 deligendo

91 2524 195 2583 genere
218 2506 293 2564 vitae.
333 2507 471 2568 Quodsi
495 2507 635 2565 acciderit
657 2498 767 2583 (potest
789 2516 885 2563 autem

92 2604 251 2684 accidere),
268 2604 402 2662 facienda
415 2600 528 2662 morum
551 2604 806 2679 institutorumque
825 2622 888 2663 mu-

91 2702 158 2759 tatio
181 2711 237 2759 eet.
280 2700 353 2758 Eam
376 2702 577 2772 mutationem,
599 2700 625 2758 ai
652 2711 783 2776 tempora
807 2703 886 2778 adju·
901 2710 932 2757 25

92 2799 206 2869 tabunt,
237 2796 356 2857 facilius
383 2797 628 2873 eommodiusque,
650 2797 810 2856 faciemus:
839 2800 884 2855 sin

94 2893 196 2968 minua,
220 2894 331 2953 senaim
348 2895 405 2952 erit
423 2895 660 2970 pedetentimque
682 2894 832 2963 facienda3
855 2906 886 2953 ut

94 2991 244 3064 amicitias,
266 3010 332 3067 quie
353 2991 448 3050 minus
475 2990 632 3064 delectent,
652 3001 682 3051 et
705 2992 802 3049 minus
822 3009 886 3066 pro-
