2200 3492
76 173 158 240 1..1.]
381 179 426 227 on
444 179 589 227 ormcns.
885 168 925 230 m

78 326 195 385 claram
217 327 390 385 aedificdsset
403 326 434 386 in
448 327 571 401 Palatio,
586 339 615 386 et
628 329 742 406 plenam
756 329 879 406 dignita·

78 423 118 481 tis
134 424 256 482 domum
265 445 273 495 ς
295 444 358 499 quae
379 444 446 483 curn
459 425 546 501 vulgo
560 425 709 497 viseretur,
724 427 880 503 suffragata

77 520 215 591 domino,
230 539 307 578 novo
327 520 448 592 homini,
464 520 499 578 ad
514 521 695 579 consulatum
714 522 878 597 putabatur.

76 614 172 674 Hanc
196 617 327 674 Scaurus
347 617 511 689 demolitus,
533 618 730 675 accessionem
752 619 886 695 adjunxit

76 713 220 770 aedibusss
248 712 352 787 Itaque
365 713 414 770 ille
429 713 458 770 in
472 730 553 773 suam
565 714 682 771 domum
697 715 879 772 consulatum
894 720 912 769 5

76 809 196 884 primus
225 809 338 866 attulit:
373 809 432 881 hic,
459 809 564 867 summi
591 820 622 867 et
647 810 798 868 clarissimi
826 811 879 869 viri
955 808 958 815 ’

75 905 169 977 filius,
193 905 224 962 in
254 905 372 963 domum
399 906 629 982 multiplicatam,
650 926 709 964 non
736 908 879 984 repulsam

76 1001 177 1058 solum
200 1001 312 1073 retulit,
334 1002 385 1061 sed
407 1003 609 1080 ignominiam,
626 1004 713 1061 etiam
734 1003 881 1062 calamita·

76 1107 150 1159 tem.
195 1098 342 1181 Ornanda·
358 1109 402 1156 est
422 1099 499 1158 enim
520 1100 646 1176 dignitas
659 1100 756 1173 domo,
771 1120 830 1158 non
844 1120 881 1158 ex

76 1194 169 1254 domo
190 1206 255 1253 tota
275 1195 446 1271 quaerenda:
474 1215 530 1254 nec
551 1198 637 1255 domo
663 1197 808 1269 dominus,
829 1197 879 1254 sed
895 1204 926 1252 10

19 1290 20 1295 '
77 1291 206 1350 domino
220 1292 326 1349 domus
340 1292 518 1358 honestanda
529 1304 582 1351 est.
616 1293 665 1364 Et,
677 1305 709 1351 ut
723 1293 753 1351 in
767 1295 879 1352 caeteris

78 1389 223 1447 habenda
236 1389 312 1446 ratio
325 1408 385 1449 nun
398 1390 443 1446 sui
457 1390 561 1462 solum,
576 1391 626 1448 sed
641 1391 727 1448 etiam
742 1391 879 1460 aliorum;

77 1485 126 1544 sic
148 1486 181 1543 in
202 1488 292 1543 domo
313 1486 384 1543 clari
405 1485 540 1559 hominis,
556 1487 586 1543 in
606 1506 691 1561 quarn
710 1497 738 1543 et
753 1487 880 1562 hospites

77 1583 169 1640 multi
191 1583 366 1659 recipiendi,
380 1593 409 1641 et
423 1583 602 1643 admittenda
623 1581 773 1640 hominum
787 1582 881 1659 cujus·

79 1699 141 1756 que
155 1680 239 1738 modi
250 1680 415 1751 multitude,
428 1680 591 1738 adhibenda
601 1689 645 1736 est
656 1698 725 1737 cura
739 1679 879 1738 laxitatis:
895 1688 926 1737 15

80 1777 168 1836 aliter
191 1778 288 1853 ampla
308 1777 411 1834 domus
426 1777 564 1836 dedecori
578 1776 697 1834 domino
710 1796 786 1854 saepe
799 1777 840 1849 fir,
855 1776 880 1835 si

79 1885 128 1932 est
141 1875 174 1932 in
190 1876 226 1932 et
242 1874 384 1945 solitud03
406 1883 435 1931 et
455 1874 591 1945 maxime,
605 1874 630 1932 si
645 1875 808 1949 aliqnando,
824 1875 880 1932 alio

80 1972 217 2043 domino,
245 1972 331 2030 solita
357 1984 401 2029 est
429 1971 613 2046 frequentari.
668 1970 809 2031 Odiosum
836 1981 880 2029 est

81 2070 176 2141 enim,
190 2089 260 2137 cum
276 2089 293 2127 a
305 2069 545 2146 pretereuntibus
559 2069 682 2128 dicitur:

115 2224 131 2250 ‘¹
141 2220 166 2268 Ο
178 2219 270 2267 domus
281 2219 396 2282 antiqua!
414 2218 478 2266 heu!
496 2233 571 2282 quam
587 2218 677 2283 dispari
693 2218 820 2267 dominare
837 2217 878 2266 do·

164 2338 166 2343 ,
181 2301 252 2349 mino
261 2300 285 2347 !”

894 2271 926 2323 20

85 2453 165 2529 quod
193 2453 322 2529 quidem,
346 2453 391 2509 his
417 2452 605 2528 temporibus,
630 2452 660 2509 in
686 2451 784 2509 multis
811 2451 880 2509 licet

86 2551 195 2610 dicere.
238 2550 408 2607 Cavendum
426 2559 521 2607 autem
540 2559 594 2620 est,
608 2548 804 2625 praesertimsi
818 2549 879 2625 ipse

86 2648 225 2718 aedilices,
236 2665 274 2704 ne
283 2647 488 2705 extramodnm
501 2656 616 2720 sumptu
626 2655 655 2704 et
664 2646 879 2724 magnificentia
922 2712 932 2724 .

86 2745 228 2820 prodeas:
251 2762 308 2818 quo
329 2743 359 2800 in
380 2760 487 2821 genere
509 2742 631 2800 multum
653 2742 720 2801 mali
741 2743 828 2804 etiam
849 2742 879 2800 in

87 2840 222 2917 exemplo
235 2838 288 2897 e'st.
331 2839 466 2897 Studiose
481 2839 559 2897 enim
572 2838 711 2915 plerique,
722 2840 879 2915 praesertim
895 2850 927 2901 25

87 2935 117 2996 in
138 2937 219 2997 hano
239 2946 359 3014 partem,
382 2935 459 2994 facta
476 2936 646 3014 principum,
661 2935 826 2994 imitantur:
848 2943 880 2992 ut

329 3033 374 3091 7*

1049 184 1068 219 ἱ
