2200 3492
15 236 17 255 p
86 188 186 251 uin]
377 190 421 239 nn
443 192 590 240 omrcns.
872 180 926 239 141

86 340 229 417 sibosque
248 342 382 420 negotiiS,
398 343 485 401 armis
505 342 602 420 impiis
614 342 716 419 rique,
734 341 883 420 prohibiti,

15 482 17 487 .
86 438 181 497 otium
201 439 414 515 persequimu13
443 450 482 512 et,
495 441 542 498 'ob
561 459 627 498 eam
655 458 782 513 causam,
810 439 882 498 urbe

15 544 17 611 ζ
86 535 202 607 relicti,
217 555 286 592 rura
304 549 499 614 peragrantes,
513 556 590 614 saepe
604 538 658 595 soli
672 557 779 596 sumus.
821 537 882 596 Sed

15 700 17 709 ‚
86 651 143 691 nec
164 633 258 690 otium
278 633 335 691 hoc
354 653 420 691 cum
435 634 569 692 Africani
583 635 653 708 otio,
668 654 724 694 nec
738 636 800 693 baeo
814 635 882 693 soli·

15 742 16 745 ’
85 729 158 788 tudo
172 748 243 787 curn
257 730 306 787 illd
319 732 514 807 comparanda
528 741 580 789 est.
621 731 674 789 Ille
689 732 912 808 enim,requi·5

15 820 17 825 ’
85 844 193 884 escens
221 847 238 884 a
268 827 434 904 reipublicae
468 829 671 904 pulcherrimis
704 830 881 903 muneribus,

15 920 17 975 ῗ
84 924 178 981 otium
201 924 256 985 sibi
276 927 407 984 sumebat
429 926 599 1002 aliquund03
620 939 650 984 et
664 947 680 985 a
694 937 770 985 ooetu
791 928 882 984 bomi-

15 1062 16 1073 ,
84 1039 158 1078 num
180 1021 398 1098 frequentiaque
418 1023 574 1095 interdum,
595 1034 731 1100 tanquam
759 1025 789 1082 in
815 1044 882 1100 por·

15 1136 17 1153 s
85 1128 160 1190 tum,
189 1138 221 1175 se
248 1119 276 1176 in
305 1120 490 1178 solitudinem
518 1121 685 1198 recipiebat.
740 1121 880 1180 Nostrum

86 1225 186 1272 autem
214 1216 303 1274 otium
327 1217 437 1294 negotii
461 1217 570 1294 inopid,
595 1210 659 1281 non*
680 1219 883 1294 requiescendi
897 1217 928 1267 1⁰

86 1312 198 1384 studio,
212 1313 400 1372 constitutum
418 1325 469 1373 est.
510 1303 664 1381 Exstincto
678 1317 756 1374 enim
770 1326 882 1388 senatu,

15 1486 16 1491 ἵ
85 1409 249 1485 deletisque
266 1409 394 1486 judiciis,
409 1412 479 1487 quid
499 1423 553 1485 est,
568 1413 645 1488 quod
660 1413 779 1489 dignum
798 1414 883 1471 nobis

15 1494 17 1529 ³
87 1516 137 1563 aut
157 1506 191 1564 in
212 1507 295 1564 curib
316 1519 364 1566 aut
385 1509 415 1565 in
437 1509 499 1568 foro
520 1529 606 1587 agere
624 1510 786 1585 possimus?
826 1509 884 1566 Ita·

86 1622 152 1679 que,
168 1588 225 1679 ⁴qni
247 1604 276 1662 in
295 1605 428 1667 maximi·
442 1607 612 1663 celebritate
634 1616 719 1682 atque
739 1606 769 1663 in
790 1606 884 1664 oculis

15 1726 17 1771 5
88 1699 197 1758 civium
217 1702 364 1775 quondam
385 1703 519 1774 viximus,
539 1722 621 1760 nunc
644 1703 788 1780 fugientes
815 1703 929 1761 con-15

88 1807 221 1873 spectum
236 1798 450 1872 sceleratorum,
466 1800 571 1875 quibus
591 1799 690 1858 omnia
709 1801 882 1873 redundant,

15 1907 17 1969 J
89 1895 223 1952 abdimus
241 1915 305 1968 nos,
320 1907 459 1972 quantum
479 1897 559 1965 licet,
575 1907 603 1955 et
617 1917 693 1975 saepe
707 1899 760 1956 soli
775 1918 882 1957 sumus.

15 2014 17 2067 3
88 1991 159 2064 Sed,
181 1992 251 2067 quia
271 1994 321 2073 sic,
335 1994 371 2050 ab
391 1993 558 2053 bominibus
585 1995 679 2052 doctis
707 1997 882 2072 accepimus,

15 2090 16 2135 ἶ
88 2109 148 2147 nou
162 2091 256 2148 solum
272 2110 308 2149 ex
321 2091 405 2148 malis
419 2090 526 2168 eligere
540 2092 662 2150 minima
676 2104 817 2169 oportere,
832 2093 883 2151 sed

15 2232 16 2267 ἐ
90 2189 177 2245 etiam
191 2206 348 2264 excerpere
359 2207 395 2245 ex
408 2189 452 2247 his
467 2189 545 2265 ipsis,
558 2189 583 2246 si
593 2190 662 2265 quid
677 2190 783 2247 inesset
799 2190 883 2259 boni';
898 2192 930 2242 20

15 2292 17 2367 ζ
88 2297 242 2361 propterea
266 2296 295 2343 et
320 2286 381 2343 otio
405 2286 492 2357 fruor,
513 2306 574 2344 non
602 2287 652 2343 illo
679 2287 806 2361 quidem,
827 2305 886 2361 quo

90 2382 194 2441 debeat
208 2382 234 2440 is
247 2383 297 2458 qui
311 2384 457 2459 quondam
474 2362 631 2460 peperisset
645 2383 736 2440 otium
758 2383 883 2454 civitati;

91 2500 225 2540 neceam
240 2480 424 2539 solitudinem
442 2482 581 2558 languere
594 2481 699 2557 patior,
714 2500 799 2555 quam
814 2481 885 2539 mihi

92 2580 174 2636 affert
187 2578 358 2648 necessitate,
373 2579 588 2636 nonroluntas,
675 2578 677 2581 ’

128 2676 311 2752 Quanquam
338 2677 496 2733 Africanus
526 2676 664 2753 mojorem
698 2677 814 2735 laudem
841 2678 931 2737 vel25

90 2791 155 2832 meo
191 2773 306 2850 judicio
341 2775 564 2849 assequebatur:
598 2773 678 2833 nulla
710 2776 789 2833 enirn
823 2775 887 2851 ejus

93 2868 202 2949 ingenii
219 2881 409 2929 monumenta
422 2871 559 2929 mandata
571 2871 673 2940 literis,
687 2873 799 2930 nullum
813 2889 887 2947 opus

93 2966 159 3043 otii,‘
173 2967 288 3028 nullum
315 2966 480 3027 solitudinis
507 2986 613 3027 munus
636 2979 744 3026 exstat:
773 2985 810 3024 ex
829 2982 887 3040 quo
