2200 3492
85 171 175 230 nu]
385 171 428 219 nn
450 171 596 231 ormeus.
880 159 937 219 103

87 321 236 381 adurebat
248 321 397 398 capillum.
437 322 542 384 Quidl
564 322 763 381 Alexandrum
780 320 893 380 Phere-

88 438 141 476 um
178 425 237 494 quo
272 419 370 477 animo
396 419 502 477 uixisse
530 419 723 478 arbitramurl
756 419 816 495 qui,
846 417 894 496 (ut

89 515 237 592 scriptum
262 515 401 597 legimus)
430 536 498 575 curn
532 536 652 574 uxorem
687 516 812 574 Theben
845 516 894 574 ad·

89 614 216 671 modurn
240 613 384 691 diligeret,
405 623 513 686 tamen,
536 614 572 672 ad
599 633 665 672 eam
692 633 729 672 ex
755 614 848 690 epulis
863 613 893 673 iu

90 711 264 769 cubiculum
286 711 416 784 veniens,
438 712 603 784 barbarum,
624 722 654 769 et
680 731 747 769 eum
776 711 924 787 quidem5

93 808 140 886 (ut
161 808 305 885 scriptum
326 811 384 889 est)
406 820 616 886 compunctum
636 809 713 867 notis
733 809 893 881 Threiciis,
949 872 953 885 Ι

92 907 236 967 destricto
249 907 348 983 gladio
361 907 483 984 jubebat
498 907 626 965 anteire:
646 907 894 984 premittebatque

92 1004 130 1061 de
158 1004 348 1080 stipatoribus
376 1004 446 1077 suis,
474 1004 524 1079 qui
550 1014 750 1062 scrutarentur
782 1003 895 1061 arculas

21 1112 22 1175 j
92 1102 262 1174 muliebres,
277 1111 317 1175 et,
332 1119 370 1158 ne
390 1101 470 1176 quod
489 1101 520 1161 in
534 1088 714 1159 vestimentis
734 1101 895 1159 occultare·

93 1209 140 1256 tur
162 1199 265 1271 telum,
278 1197 471 1274 exquirerent.
514 1199 705 1272 Omiseram,
719 1198 769 1276 qui
785 1198 894 1257 fidelio-
910 1206 941 1257 1⁰

94 1315 157 1354 rem
178 1305 208 1354 et
230 1296 384 1354 barbarum
406 1305 435 1354 et
458 1296 636 1374 stigmatiam
660 1306 786 1373 putaret,
808 1314 894 1372 quam

95 1394 271 1471 conjugeml
312 1391 468 1451 Neceum
496 1393 598 1451 lesellit
628 1392 740 1469 [opinio
751 1394 772 1472 ε]
802 1394 839 1451 ab
859 1394 895 1450 erl

21 1550 23 1563 ,
94 1490 175 1548 enim
199 1500 247 1548 est
272 1490 344 1566 ipse,
365 1502 480 1567 propter
507 1489 662 1567 pellicatris
688 1490 894 1566 suspicionem,

96 1588 279 1646 interfectus.

136 1685 205 1743 Nec
233 1703 303 1744 vero
330 1685 389 1743 ulla
415 1685 458 1743 vis
486 1685 600 1762 imperii
630 1694 711 1743 tanta
737 1695 792 1758 est,
820 1688 943 1760 quae,¹15

21 1802 23 1857 ξ
96 1794 249 1861 premente
276 1792 366 1854 metu,
390 1783 484 1859 possit
510 1803 575 1841 esse
602 1784 748 1843 diuturna.
796 1782 897 1841 Testis

21 1890 23 1941 l
97 1890 141 1939 est
155 1879 300 1952 Phalaris,
316 1879 398 1956 eujus
411 1890 464 1952 est,
479 1888 730 1959 praeter'caeteros,
745 1881 897 1939 nobilitata

21 1990 23 2045 ζ
97 1977 274 2048 crudelitas3
303 1977 353 2052 qui
380 1996 440 2035 non
467 1996 504 2035 ex
527 1977 640 2037 insidiis
668 1978 786 2047 interiit,
808 1988 840 2036 ut
861 1978 895 2050 is,

21 2058 23 2139 l
98 2093 186 2150 quem
206 2074 296 2145 modo
318 2073 388 2146 dixi,
409 2073 595 2145 Alexander3
615 2093 675 2132 non
696 2094 713 2132 a
731 2075 844 2151 paucis,
866 2086 897 2132 ut

21 2210 23 2221 ι
57 2240 60 2249 ¹
99 2172 149 2229 hic
169 2168 286 2242 nost'er;
308 2170 359 2228 sed
380 2170 410 2227 in
429 2190 515 2246 quem
536 2171 672 2231 universa
690 2171 898 2248 Agrigentino·
912 2185 944 2237 m

21 2330 23 2341 ,
98 2289 165 2327 rum
185 2268 342 2327 multitudo
363 2269 502 2345 impetum
516 2269 594 2327 fecit.
635 2268 740 2330 Quidl
761 2266 900 2324 Macedo-

21 2348 23 2383 ³
99 2386 154 2425 nes
174 2385 275 2423 nonne
297 2364 479 2423 Demetrium
503 2366 691 2442 reliquerunt,
716 2364 899 2441 universique

21 2492 23 2535 ι
100 2463 191 2521 seed
218 2462 362 2539 Pyrrhum
390 2452 597 2521 contuleruntl
636 2462 742 2524 Quidl
765 2462 900 2521 Laome-

21 2600 22 2605 κ
100 2561 226 2632 menies,
248 2559 354 2636 injuste
376 2560 560 2637 imperantes,
582 2580 680 2618 nonne
702 2571 819 2636 repente
840 2580 900 2619 om-

100 2677 155 2715 nes
182 2648 243 2715 fere
271 2656 344 2714 socii
378 2656 578 2730 deseruerunt,
607 2667 841 2733 spectatoresque
868 2677 900 2717 se
913 2666 945 2715 m

102 2755 213 2813 otiosos
225 2754 412 2831 praebuerunt
426 2754 589 2812 Leuctrica
605 2755 797 2814 calamitatisl

144 2946 227 3008 VIII.
250 2947 381 3024 Externa
400 2948 548 3024 libentius,
570 2950 600 3008 in
621 2949 672 3007 tali
692 2968 735 3022 re,
750 2966 836 3024 quarn
851 2945 900 3004 do·
