2200 3492
90 225 161 286 nri
382 224 425 273 ns
446 224 590 273 orncns.
677 256 678 259 ,

127 373 241 449 Atque,
256 373 345 431 etiam
365 373 395 432 in
415 371 633 432 secundissimis
648 372 744 445 rebus,
758 372 882 431 maxime

87 481 132 529 est
154 470 298 528 utendum
318 454 440 529 consilio
460 471 637 541 amicorum;
669 470 771 545 hisque
791 471 882 547 major

88 567 188 639 etiam,
204 585 292 642 quam
307 576 383 640 ante,
398 567 551 625 tribuenda
565 565 729 624 auctoritas.
762 565 883 627 Iisdem·

89 682 146 739 que
160 663 342 739 temporibus
358 664 519 721 cavendum
532 672 586 737 est,
600 682 638 721 ne
658 663 882 721 assentatoribus

88 759 301 836 patefaciamus
315 779 408 832 eures,
421 779 480 817 nec
493 759 604 818 adulari
617 778 671 818 nos
684 759 829 818 sinamus:
850 758 881 818 in
894 764 911 813 5

90 875 147 931 quo
162 856 225 913 falli
239 855 326 913 facile
339 866 392 914 est.
432 856 523 916 Tales
540 856 620 917 enirn
634 875 689 914 nos
704 853 802 937 [tunc]
818 874 881 914 esse

88 962 236 1029 putemus,
259 962 291 1010 ut
308 952 373 1028 jure
391 952 559 1013 laudemur:
587 971 624 1010 ex
646 971 703 1028 quo
722 962 881 1013 nascuntur

89 1048 317 1109 innumerabilia
324 1059 462 1125 peccata:
484 1069 551 1108 oum
565 1050 707 1121 homines,
719 1049 811 1107 inflati
821 1048 882 1126 opi·

89 1144 240 1216 monibus,
255 1145 376 1221 turpiter
396 1145 561 1218 irridentur,
575 1157 605 1205 et
625 1146 655 1205 in
675 1145 807 1209 maximis
820 1164 881 1203 rer·

89 1252 190 1300 santur
206 1241 360 1301 erroribus.
400 1242 460 1300 Sed
475 1243 538 1301 bec
551 1242 668 1319 quidem
681 1242 830 1301 hacteuus.
895 1250 926 1300 10

126 1337 208 1399 Illud
231 1347 326 1397 autem
341 1339 384 1396 sic
397 1349 441 1397 ert
451 1338 652 1416 judicandum,
666 1339 806 1397 maximas
819 1338 882 1416 geri

89 1454 145 1503 res,
160 1446 191 1492 et
211 1434 331 1493 meximi
352 1435 450 1505 animi,
466 1434 501 1493 ab
521 1435 559 1493 iis
578 1436 628 1511 qui
648 1435 826 1512 respublicas
839 1454 882 1493 re·

13 1550 15 1609 ;
89 1541 170 1609 gant,
185 1531 265 1606 quod
283 1550 383 1591 earum
401 1531 611 1591 administratio
623 1530 762 1589 latissime
774 1540 881 1607 pateat,

13 1648 14 1699 Τ
91 1628 126 1687 ad
153 1627 354 1703 plurimomue
380 1627 531 1704 pertineat.
573 1627 647 1686 Esse
668 1635 763 1685 autem
783 1625 881 1703 magni
929 1630 932 1635 '

13 1708 14 1743 ³
90 1724 191 1797 animi,
208 1735 237 1782 et
250 1724 466 1797 fuisse,‘multos
486 1724 575 1783 etism
594 1725 624 1782 in
642 1723 701 1781 vict
714 1723 818 1794 otiosi,
831 1721 882 1799 qui
896 1728 926 1778 15
963 1782 965 1787 ,

90 1832 139 1883 eut
152 1821 363 1898 investigarent
377 1831 426 1879 aut
436 1832 611 1881 conarentur
621 1838 727 1897 magna
740 1819 880 1895 quedam,

90 1934 213 1994 seseque
230 1937 351 1976 suarum
371 1937 467 1976 rerum
480 1918 587 1977 finibus
600 1917 798 1987 continerent3
821 1926 880 1988 aut,

89 2014 236 2092 interjecti
257 2015 332 2073 inter
351 2014 538 2091 philosophos
553 2024 583 2072 et
600 2033 651 2072 eos
665 2012 715 2089 qui
728 2013 881 2090 rempubli-

91 2129 156 2171 σω
170 2110 415 2183 administrarent,
430 2110 642 2169 delectarentur
651 2126 683 2171 re
697 2110 749 2166 sud
760 2108 880 2166 familia·

90 2207 124 2280 ri,
139 2211 279 2267 non'eam
294 2206 410 2282 quidem
428 2207 508 2265 omni
530 2207 642 2264 ratione
662 2216 879 2283 exaggerantes,
893 2217 925 2266 2⁰

90 2323 189 2380 aeque
206 2304 396 2383 excludentes
415 2305 452 2361 ab
471 2304 533 2380 ejus
554 2323 609 2361 usu
623 2322 706 2372 suos;
726 2302 880 2377 potiusque

91 2411 119 2459 et
140 2400 244 2460 amicis
264 2390 473 2476 impertientes,
485 2410 515 2458 et
534 2399 711 2476 reipublice,
725 2398 880 2473 siquando

91 2508 263 2557 ususesset.
304 2496 381 2559 Que
400 2496 524 2573 primum
545 2497 619 2555 bene
639 2504 720 2572 perta
739 2493 880 2571 sit,nullo
972 2504 974 2509 ·

92 2610 187 2668 neque
206 2592 286 2668 turpi
310 2602 429 2667 questu,
449 2610 544 2668 neque
564 2591 684 2649 odioso:
712 2599 772 2647 tum
793 2608 880 2664 quam

92 2689 232 2764 plurimis,
243 2689 330 2746 modo
341 2688 446 2765 dignis,
457 2707 488 2745 se
498 2687 598 2745 utilem
609 2688 734 2763 praebeat
746 2705 753 2743 :
773 2685 879 2743 deinde
891 2689 923 2739 25

94 2797 232 2864 angeatur
258 2786 382 2857 ratione,
409 2784 571 2862 diligentiis,
594 2783 791 2860 parsimoni2i3
822 2799 879 2839 nec

95 2881 206 2943 libidini
229 2880 331 2959 >potius
350 2881 536 2956 luxuriaeque,
558 2898 644 2955 quam
664 2878 828 2938 liberalitati
849 2887 879 2935 et

97 2977 302 3048 beneficentiae,
322 2976 454 3060 [pateat]
487 2977 562 3055 Hac
580 2976 747 3054 prescripta
766 2991 880 3032 servan·

327 3074 373 3134 5*
