2200 3492
105 220 133 267 u.
144 223 200 282 ru]
398 222 442 270 nu
462 222 610 269 oeneus.
890 214 947 272 147

104 392 169 448 quae
190 371 339 431 laudanda
352 391 410 429 nnn
424 371 492 443 sint,
507 372 623 429 obeam
639 365 755 450 (credo)
771 389 900 444 causam,

103 470 183 545 quod
213 470 283 527 insit
309 469 340 527 in
368 469 413 525 his
440 468 548 544 aliquid
582 468 675 545 probi,
701 468 778 544 quod
805 468 902 544 capiat

104 568 234 644 ignaros,
255 567 305 643 qui
333 566 430 637 iidem,
452 566 521 641 quid
542 566 572 623 in
593 565 766 641 uniquique
786 584 818 622 re
839 565 901 623 vitii

103 665 151 735 sit,
171 674 319 739 nequeant
337 663 477 739 judicare.
518 661 630 738 ltaque,
645 681 713 720 cum
733 671 800 721 sunt
820 663 901 721 docti

104 780 120 818 a
134 760 249 837 peritis,
265 760 351 817 facile
365 759 508 817 desistunt
523 779 540 816 a
553 759 705 817 sententiis.
914 770 931 818 5

143 954 198 1012 lV.
225 952 300 1012 Haec
325 953 413 1032 igitur
436 953 542 1026 officia,
563 953 600 1011 de
623 954 727 1030 quibus
751 953 795 1012 his
818 954 900 1013 libris

103 1051 286 1123 disserimus,
301 1050 382 1125 quasi
403 1050 532 1108 secunda
551 1051 681 1126 quedam
700 1051 823 1109 honesta
836 1070 900 1109 esse

103 1149 219 1220 dicunt,
241 1167 300 1206 non
320 1146 482 1224 sapientium
503 1147 591 1205 modo
613 1149 739 1225 propria,
760 1148 811 1207 sed
832 1167 899 1207 cum

103 1245 187 1303 omni
210 1245 360 1303 hominum
381 1263 488 1321 genere
509 1245 684 1304 communia.
725 1245 827 1322 ltaque
855 1246 900 1305 his

101 1362 217 1413 omnes,
232 1343 262 1400 in
276 1343 380 1417 quibus
393 1353 437 1399 est
450 1342 564 1400 virtutis
583 1342 703 1414 indoles,
718 1361 900 1404 commoven-
916 1351 946 1400 1⁰

103 1450 160 1498 tur.
204 1438 270 1497 Nec
285 1458 362 1511 vero,
377 1458 444 1497 cum
459 1438 517 1497 duo
535 1438 633 1511 Decii,
648 1449 697 1497 aut
711 1439 768 1498 duo
789 1440 901 1516 Scipio·

104 1556 169 1609 nes,
191 1537 280 1594 sortes
301 1536 355 1594 viri
383 1546 657 1607 commemorantur,
680 1545 729 1593 aut
756 1553 824 1594 cum
845 1535 901 1595 Fa·
983 1544 990 1561 ¹

105 1634 228 1706 bricius,
253 1633 434 1691 Aristidesve
459 1633 555 1710 justus
581 1632 757 1704 nominatur,
787 1643 835 1692 nut
863 1634 900 1692 ab

104 1731 173 1803 illis,
189 1729 377 1802 fortitudinis,
393 1741 442 1788 aut
463 1730 499 1789 ab
519 1729 575 1802 his,
589 1729 717 1806 justitie,
732 1741 901 1807 tanquame
951 1770 954 1775 ,

103 1827 297 1904 sapientibus,
325 1828 432 1904 petitur
464 1828 638 1903 exemplum.
692 1828 788 1887 Nemo
820 1829 899 1888 enim
914 1834 945 1882 15

103 1926 211 1984 horum
239 1925 281 1983 sic
309 1926 423 2002 sapiens
449 1935 503 2001 est,
525 1935 558 1983 ut
583 1925 742 2001 sapientem
766 1925 899 1985 velumus

101 2022 247 2100 intelligi:
275 2042 331 2080 nec
358 2023 389 2094 ii,
412 2021 461 2098 qui
489 2023 634 2098 sapientes
661 2023 753 2082 habiti
779 2036 899 2083 suntet

102 2119 258 2190 nominati,
280 2117 322 2177 M.
344 2119 419 2177 Cato
440 2128 469 2176 et
489 2119 524 2176 C.
546 2118 662 2191 Laelius,
677 2120 821 2197 sapientes
840 2121 900 2179 fue·

102 2228 188 2288 runt;
210 2235 248 2276 ne
269 2216 311 2274 illi
332 2216 449 2291 quidem
463 2227 590 2293 septem:
611 2217 672 2289 sed,
687 2236 723 2275 ex
736 2217 898 2274 mediorum

101 2315 267 2373 officiorum
301 2312 472 2389 frequentia,
499 2313 719 2372 similitudinem
754 2313 898 2389 quandam
912 2318 944 2367 20

102 2412 246 2490 gerebant
259 2409 445 2487 speciemque
458 2410 630 2487 sapientium.
668 2448 670 2455 ›

142 2506 297 2570 Quocirca
323 2487 379 2565 nec
404 2506 444 2579 id,
465 2506 543 2583 quod
570 2525 637 2564 vere
664 2507 816 2565 honestum
844 2520 897 2581 est,

103 2605 146 2662 sas
168 2613 214 2661 est
242 2622 309 2664 cum
337 2604 470 2662 utilitatis
498 2604 691 2681 repugnantiit
718 2607 897 2680 comparari;

103 2720 160 2759 nec
188 2701 218 2758 id
245 2701 373 2776 quidem,
401 2702 478 2776 quod
506 2701 697 2759 communiter
723 2700 899 2778 appellamus

103 2799 270 2870 honesturn,
284 2798 363 2873 quod
384 2797 489 2855 colitur
504 2798 540 2855 ab
555 2798 590 2865 iis
605 2798 655 2873 qui
671 2799 808 2857 bonosae
823 2800 899 2857 viros
913 2810 945 2859 23

103 2894 206 2953 haberi
232 2895 344 2966 volunt,
372 2913 440 2952 cum
467 2895 671 2953 emolumentis
704 2915 828 2972 unquam
855 2909 900 2956 est

103 2989 350 3068 comparandum:
378 3000 493 3067 temque
521 2990 550 3048 id
579 2990 743 3064 honestum,
766 2989 844 3067 quod
868 2990 900 3050 in
