2200 3492
503 215 547 262 nn
566 214 713 261 orrrcns.
929 210 970 271 [n.
981 211 1003 257 1.

206 367 290 425 nobis
301 367 449 425 dissoluta.
485 364 678 424 Saenioornm
689 362 805 438 quidem
814 380 878 420 mos
888 371 1002 419 tantam

207 464 293 521 habet
304 463 392 522 veteri
406 461 562 538 disciplinis
571 460 787 531 verecundiam,
797 468 829 517 ut
840 459 870 515 in
880 477 1003 516 scenam

206 561 269 617 sine
283 559 465 637 subligaculo
476 558 599 635 prodeat
612 574 707 615 nemo.
749 556 895 614 Verentur
909 555 1001 626 enim,

124 724 127 728 Δ
206 677 254 728 ne,
268 658 291 714 si
307 675 365 732 quo
379 675 448 714 nasu
463 653 601 726 eleuarit,
616 665 649 710 ut
662 672 791 728 eorporis
810 662 906 728 partes
924 671 1002 727 quae·

131 740 138 759 l
176 767 192 815 5
207 753 274 811 dam
289 753 462 829 aperiantur,
476 751 652 827 aspiciantur
665 750 853 809 nonvdecore.
888 747 1002 806 Nostro

206 851 323 925 quidem
338 868 429 921 more,
444 867 511 907 oum
527 847 696 924 parentibus
713 846 838 922 puberes
853 844 916 917 filii,
931 864 1002 902 oum

207 948 317 1004 soceris
329 946 440 1023 generi,
452 964 511 1020 non
524 944 665 1003 lavantur.
706 943 876 1000 Retinenda
889 956 933 999 est
948 942 1003 1018 igi-

207 1054 253 1101 tur
276 1044 360 1120 hujus
381 1042 495 1120 generis
511 1040 696 1113 verecundia,
716 1040 876 1116 praesertim
895 1040 1002 1097 natura

208 1140 271 1216 ipsi
284 1140 422 1217 magistra
436 1149 468 1196 et
479 1139 572 1197 duee·

162 1336 193 1384 10
246 1334 393 1393 XXXVI.
415 1334 491 1391 Cum
507 1310 1004 1415 autempuldbritudinisduogenef

208 1450 240 1490 ra
260 1431 327 1500 sint,
343 1451 465 1506 quorum
486 1432 516 1489 in
538 1432 628 1489 altero
643 1441 781 1491 venustas
797 1432 844 1503 sit,
859 1431 890 1489 in
911 1432 1004 1489 altero

123 1588 125 1592 Α
208 1529 351 1606 dignitas3
366 1539 545 1603 venustatem
554 1526 724 1586 muliebrem
736 1528 843 1585 ducere
852 1528 1003 1600 debemuS,

209 1626 379 1703 dignitatem
394 1626 513 1683 virilem.
557 1625 636 1703 Ergo
646 1639 675 1683 et
690 1625 810 1682 aformal
821 1635 1004 1682 removeatur

210 1724 304 1780 omnis
326 1724 388 1779 viro
408 1742 468 1780 non
489 1724 594 1800 dignus
614 1733 749 1793 ornatus;
770 1732 800 1780 et
820 1722 890 1779 huic
908 1722 1005 1780 simile

163 1819 194 1868 15
211 1819 312 1876 vitium
326 1819 355 1875 in
371 1830 454 1895 gestu
475 1828 624 1894 motuque
636 1830 778 1877 caveatur.
820 1819 850 1876 N
853 1839 897 1877 am
912 1830 941 1878 et
954 1839 1007 1895 pa·

210 1915 327 1972 laestrioi
337 1928 431 1972 motus
440 1934 515 1991 saepe
526 1916 777 1987 sunt'odiosiores;
793 1927 822 1974 et
831 1917 1006 1974 histrionum

211 2011 344 2069 nonnulli
358 2022 456 2088 gestus
470 2013 562 2088 inepti
576 2031 635 2070 non
650 2024 754 2072 vacant
767 2014 941 2083 offensione;
964 2024 1005 2084 et,

211 2107 242 2165 in
256 2119 379 2182 utroque
396 2127 513 2185 genere,
529 2129 593 2185 quae
612 2120 680 2169 sunt
699 2118 780 2168 recta
800 2121 830 2167 et
850 2111 1005 2186 simplicia,

211 2205 374 2263 laudantur.
416 2205 530 2264 Forma
550 2217 646 2264 autem
663 2208 790 2284 dignitas
804 2207 910 2265 eoloris
924 2208 1009 2264 boni·

163 2307 196 2355 20
212 2312 271 2360 tate
285 2304 393 2360 tuenda
407 2313 466 2373 est3
488 2304 581 2376 color,
594 2305 850 2362 exercitationibus
864 2307 1006 2380 eorporis

212 2399 389 2457 Adhibenda
415 2409 459 2458 est
486 2404 627 2476 praterea
654 2400 797 2458 munditia
817 2421 874 2459 non
895 2402 1008 2474 odiosa,

213 2514 307 2571 neque
321 2497 463 2570 exquisita
476 2496 564 2554 nimis
576 2518 582 2567 ;
604 2507 719 2554 tantum
732 2516 795 2572 quae
806 2498 898 2575 fugiat
913 2517 1011 2575 agres-

213 2602 315 2649 temet
334 2593 521 2652 inhumanam
542 2594 758 2670 negligentiam.
800 2594 911 2652 Eadem
933 2597 1010 2654 ratio

180 2716 184 2721 ¹
214 2698 257 2747 eat
277 2689 411 2750 habenda
424 2690 543 2753 vesu'tirs
554 2711 561 2761 ;
584 2691 686 2766 inquo
702 2690 792 2769 (siout
812 2692 843 2750 in
863 2693 1012 2769 plerisque

166 2792 198 2842 ᾖ
214 2786 315 2865 rebus)
330 2786 516 2845 mediocritas
529 2786 638 2869 optima
651 2800 703 2846 est.

255 2882 424 2941 Cavendum
446 2893 489 2940 est
510 2894 617 2956 autem,
631 2904 670 2943 ne
687 2897 736 2944 aut
749 2886 934 2945 tarditatibus
949 2898 1012 2945 uta-

215 2996 281 3040 mur
294 2979 439 3059 ingressu
456 2981 646 3055 mollioribus,
661 2993 693 3041 ut
705 3000 876 3059 pomparum
890 2984 1012 3043 sareulis
