2200 3492
79 169 159 232 nur
370 170 413 216 us
431 171 578 218 osricus.
860 158 918 218 123

80 320 207 398 ingenio,
224 321 254 377 in
276 320 432 396 primisque
447 319 553 391 clarus,
566 318 684 397 gloriari
704 320 825 391 solebat,
839 338 872 378 se

81 419 141 476 sine
169 418 230 474 ullo
258 436 377 474 munere
407 418 543 493 adeptum
576 435 639 477 esse
672 416 780 489 omnia,
806 436 871 492 qne

82 515 255 573 haberentur
271 513 452 588 amplissima
494 496 711 571 Dicebatidem
722 514 757 572 C.
769 513 870 572 Curio.

80 612 174 669 Nobis
189 630 305 686 quoque
318 610 388 667 licet
401 611 431 667 iu
446 610 503 667 hoc
516 610 730 684 quodammodo
743 610 870 688 gloriari.

81 709 166 779 Nm,
196 727 249 783 pro
277 707 465 783 amplitudine
492 707 633 764 honorum
661 727 734 782 quos
758 709 903 767 cunutiso

81 805 226 881 suffragiis
261 804 355 879 adepti
389 823 489 863 sumus
522 814 621 862 nostro
647 804 764 880 quidem
796 823 873 863 anno

82 900 171 979 (quod
194 901 318 977 contigit
338 919 439 957 eorum
459 899 570 958 nemini
586 921 658 977 quos
677 902 765 960 modo
783 902 874 961 uomi-

81 1001 171 1078 oari),
188 1017 259 1056 sane
273 999 394 1074 exiguus
408 1007 539 1074 sumptus
553 998 698 1056 aedilitatis
712 998 774 1056 fuit.
866 998 868 1001 ’

118 1097 219 1170 Atque
253 1095 341 1152 etiam
372 1094 428 1152 illae
455 1094 593 1170 impensa
620 1095 761 1167 meliores,
788 1095 873 1169 muri,

81 1192 204 1262 navalia,
219 1201 329 1267 portus,
344 1209 482 1265 aquarum
503 1191 618 1263 ductus,
632 1192 796 1268 omniaque,
810 1212 874 1269 quae
889 1195 920 1245 1⁰

83 1291 116 1347 ad
131 1308 217 1346 usum
228 1287 396 1363 reipublicae
407 1287 559 1363 pertinent.
599 1286 787 1363 Quanquam,
798 1289 874 1364 quod

80 1405 207 1462 praesens
221 1396 356 1459 tanquam
368 1384 397 1440 in
409 1403 526 1441 manum
537 1383 632 1456 datur,
643 1383 801 1461 jucundius
814 1396 873 1455 est;

80 1492 178 1540 tamen
194 1481 257 1541 hrec
272 1479 301 1537 in
315 1491 461 1556 posterum
480 1480 616 1558 gratiora
657 1479 798 1552 Theatra,
811 1499 875 1556 por·

81 1578 167 1647 ticus,
179 1596 255 1634 nova
265 1576 380 1651 templa,
390 1576 582 1637 verecundius
593 1575 782 1650 reprehendo,
792 1595 875 1652 prop·

81 1685 125 1732 tor
143 1673 335 1748 Pompeium:
358 1673 408 1729 sed
429 1671 590 1730 doctissimi
610 1690 669 1728 non
688 1673 821 1748 probant,
841 1683 874 1730 ut
889 1675 920 1724 15

81 1771 174 1829 ethic
195 1771 257 1846 ipse
277 1770 431 1840 Panaetius,
447 1788 532 1844 quem
554 1768 676 1827 multum
690 1771 720 1841 in
734 1769 778 1827 his
791 1769 874 1829 libris

24 1920 26 1923 .
81 1877 200 1924 secutus
228 1884 303 1936 sum,
327 1883 385 1923 non
414 1865 634 1939 interpretatus;
661 1876 691 1922 et
717 1865 874 1925 Phalereus

81 1962 261 2033 Demetrius,
289 1961 338 2036 qui
371 1961 524 2033 Periclem,
551 1961 712 2037 principem
741 1962 874 2036 Graeciae,

82 2056 234 2137 vituperat,
249 2059 326 2134 quod
340 2068 449 2116 tantam
463 2059 617 2134 pecuniam
631 2058 661 2115 in
675 2060 812 2134 praeclara
826 2059 875 2117 illa

82 2156 227 2233 propylaea
248 2155 414 2231 conjecerit.
457 2155 516 2212 Sed
538 2155 574 2211 de
596 2155 653 2212 hoc
674 2173 781 2231 genere
802 2165 873 2226 toto,
888 2160 921 2210 20

83 2255 111 2311 in
138 2255 176 2311 iis
204 2252 296 2319 libris,
319 2271 391 2327 quos
418 2251 454 2310 de
481 2251 647 2326 Republica
675 2251 787 2327 scripsi,
812 2251 876 2308 dili-

83 2358 184 2427 genter
198 2357 244 2406 est
258 2348 443 2424 disputatum.
485 2347 564 2405 Tota
578 2348 665 2425 igitur
679 2347 754 2404 ratio
774 2347 874 2407 talium

83 2446 269 2522 largitionum
283 2463 390 2520 genere
404 2442 507 2501 vitiosa
520 2455 573 2515 est,
585 2442 763 2518 temporibus
776 2462 875 2501 neces·

84 2544 173 2612 saria3
202 2551 233 2598 et
257 2551 319 2600 tum
344 2539 405 2616 ipsa
428 2550 457 2599 et
481 2541 516 2597 ad
542 2541 693 2598 facultates
717 2559 876 2601 accommo·

86 2639 187 2712 danda,
202 2649 233 2696 et
247 2637 447 2695 mediocritate
462 2636 639 2699 moderanda
651 2647 703 2695 est.
888 2650 922 2699 25

122 2830 237 2890 XVIII.
260 2829 295 2889 In
311 2830 360 2888 illo
375 2840 470 2890 autem
486 2782 576 2917 altero
596 2802 702 2909 genere
722 2831 874 2909 largiendi,
