2200 3492
164 162 205 231 02
499 173 543 227 »Ε
567 173 714 221 osricus.
933 173 1004 234 [nr.

209 330 240 381 et
266 321 410 396 fodiendo,
435 333 465 381 et
491 341 551 382 non
579 322 724 396 socienda,
747 333 777 381 et
799 324 949 394 mutanda,
975 335 1005 382 et

210 418 384 496 corrigenda
396 433 472 479 sunt.

148 572 151 578 ,
248 515 326 579 Quae
346 534 415 574 vero
438 535 519 575 more
539 528 675 594 aguntur,
694 517 892 593 institutisque
912 518 1005 576 uirili-

211 614 274 697 bus,
296 610 389 673 deiis
409 613 482 671 nihil
505 623 550 671 est
572 614 808 691 precipiendum.
849 614 904 672 Ilia
924 616 1003 675 enim

182 709 274 789 5ipsa
291 720 437 786 precepto
455 719 539 769 sunt:
560 729 617 768 neo
637 729 811 786 quemquam
831 711 1003 771 hocerrore

211 807 279 864 duci
298 816 420 884 oportet,
436 815 477 887 ut,
492 806 517 864 si
537 806 607 885 quid
623 808 761 865 Socrates
775 817 824 866 aut
837 807 1004 884 Aristippus

210 913 443 968 connumerem
464 902 764 978 consuetudinemque
786 900 900 961 civilem
929 904 1005 961 feee-

211 1000 278 1070 rint‚
303 1000 428 1058 locutive
452 1000 519 1072 sint,
545 999 622 1057 idern
646 998 704 1057 sibi
727 999 879 1058 arbitretur
903 999 1005 1057 lisere.

212 1095 330 1173 Magnis
363 1096 406 1154 illi
432 1107 469 1154 et
488 1095 593 1155 divinis
627 1096 712 1155 bonis
744 1096 821 1154 hune
853 1096 1006 1154 licentiam

167 1203 197 1254 lt
212 1193 446 1268 assequebantur.
487 1191 666 1273 Cynioornm
690 1210 758 1250 vero
778 1192 852 1250 ratio
875 1201 937 1249 tota
960 1204 1006 1253 est

213 1290 376 1367 ejicienda:
405 1299 450 1347 est
477 1289 557 1352 enim
577 1289 701 1367 inimice
723 1288 915 1360 verecundie,
940 1290 1006 1346 sine

212 1387 269 1464 qud
282 1387 355 1446 nihil
368 1397 481 1445 testum
491 1404 559 1444 esse
571 1395 675 1462 potest,
689 1386 761 1444 nihil
776 1384 939 1445 honestum.
981 1371 983 1374 Α

251 1484 311 1542 Eos
333 1494 438 1556 sutem,
459 1501 582 1560 quorum
602 1482 661 1553 vitu
679 1492 831 1559 perspecta
857 1481 888 1540 in
915 1483 1007 1540 rebus

212 1581 339 1641 honestis
358 1590 451 1656 ¹utque
478 1579 594 1658 mugnis
617 1589 672 1654 est,
694 1580 769 1636 bene
792 1579 829 1637 de
853 1579 1006 1655 republica

166 1679 378 1751 mentientes,
400 1696 436 1737 eo
455 1677 531 1757 bene
549 1676 669 1735 meritos
690 1685 740 1734 sut
759 1685 912 1747 merentes,
927 1675 1006 1733 siout

213 1775 310 1850 sliquo
327 1774 435 1837 honore
453 1783 503 1831 eut
521 1773 643 1850 imperio
662 1774 789 1845 affectos,
807 1773 1007 1831 observasset

212 1873 306 1933 solere
327 1871 482 1941 debemus3
506 1871 633 1929 tribuere
653 1870 740 1928 etiem
760 1869 883 1927 multum
903 1888 1008 1928 seueo

211 1967 282 2038 tuti;
318 1967 422 2043 oedere
455 1966 492 2025 iis
519 1967 572 2043 qui
605 1967 808 2044 magistratum
837 1966 1005 2035 habebunt;

212 2064 318 2122 hebere
336 2063 484 2143 delestum
504 2063 577 2141 oisis
599 2073 629 2121 et
655 2062 810 2140 peregrini,
832 2062 862 2123 in
882 2062 1006 2138 ipsoque

165 2168 197 2219 20
210 2161 372 2238 peregrino,
398 2160 571 2237 privetimne
598 2179 635 2218 un
661 2159 778 2236 publice
805 2158 933 2216 venerit:
968 2160 1007 2217 sd

211 2277 362 2327 summum,
389 2276 428 2316 ne
465 2276 548 2335 agorn
582 2257 633 2314 ds
651 2255 783 2332 singuiis,
818 2272 1009 2316 communem

211 2356 300 2415 totius
320 2354 438 2433 generis
454 2353 604 2421 homiuum
626 2352 861 2411 conciliationem
882 2361 913 2408 et
933 2371 1007 2411 oon·

211 2452 400 2510 sociationem
416 2451 522 2522 solere,
537 2450 622 2522 tueri,
636 2468 760 2522 servare,
773 2449 922 2509 debemus.

251 2644 346 2703 XLII.
371 2644 437 2702 Jnrn
451 2645 487 2703 de
502 2643 631 2703 srtifioiis
644 2653 675 2702 et
687 2643 853 2720 questibus,
867 2643 918 2719 qui
932 2644 1005 2702 libe·

165 2746 196 2795 25
211 2741 285 2799 rsies
305 2741 441 2814 habendi
456 2740 506 2817 qui
525 2740 635 2801 sordidi
654 2741 722 2814 sint,
737 2742 800 2801 haeo
814 2738 874 2798 fere
889 2741 1005 2818 aooepi·

211 2857 283 2899 mus.
324 2837 465 2899 Primum·
481 2837 679 2921 improbentur
699 2838 720 2898 ii
741 2847 876 2916 quaestus,
898 2837 949 2914 qui
972 2839 1002 2897 iu
