2200 3492
71 197 104 242 L.
116 196 150 256 1.]
379 197 422 245 un
441 192 588 245 osricus:
882 186 920 243 61

74 343 172 416 bitur,
188 364 226 402 ex
240 365 297 421 quo
309 346 385 403 ratio
405 345 573 404 inveniendi
592 344 682 404 officii
702 344 875 420 exquiritu13

78 441 175 498 altera
196 453 305 513 antem,
329 462 392 517 quae
415 444 531 519 proprie
554 442 676 519 singulis
695 452 739 499 est
760 442 875 499 tributa

76 537 119 595 Ut
140 539 223 595 enim
244 538 274 594 in
295 539 464 615 corporibus
487 558 600 616 magnae
627 538 876 597 dissimilitudines

79 644 151 692 sunt
167 633 254 710 (alios
274 635 352 691 enim
367 636 497 693 ridemus
517 635 671 692 velocitate
692 636 727 692 ad
749 653 875 705 cursum,

81 731 156 788 alios
179 732 288 788 viribus
310 732 346 788 ad
368 732 536 789 luctandum
558 732 669 802 valere3
699 731 825 805 itemque
845 731 906 788 in5

82 828 187 885 formis
218 828 281 885 aliis
312 828 482 905 dignitatem
513 829 618 900 inesse,
650 829 714 886 aliis
746 838 877 885 venusta·

80 925 169 1004 tem),
183 925 228 981 sic
250 924 278 981 in
302 924 404 982 animis
425 924 566 982 exsistunt
586 925 673 982 etiarn
692 942 813 1001 majores
832 942 877 982 va·

80 1022 211 1079 rietates.

122 1117 197 1176 Erat
221 1119 251 1175 in
275 1117 309 1175 L.
332 1117 438 1176 Crasso
460 1127 489 1176 et
509 1118 539 1177 in
561 1118 595 1176 L.
616 1118 749 1194 Philippo
770 1117 877 1175 multus

81 1215 181 1291 lepos3
211 1214 303 1291 major
327 1214 424 1287 etiam,
446 1215 596 1292 magisque
617 1216 653 1272 de
674 1213 825 1286 industris,
848 1214 922 1272 iulo

83 1311 118 1369 C.
136 1311 264 1383 Caesare,
279 1311 365 1369 Lucii
379 1312 455 1382 filio;
478 1322 507 1370 at
525 1312 629 1369 iisdem
649 1312 825 1388 temporibus
847 1311 877 1368 in

9 1418 10 1449 r
84 1407 126 1466 M.
144 1409 271 1480 Scauro,
285 1417 315 1465 et
329 1408 359 1466 in
373 1406 415 1465 M.
430 1407 528 1465 Druso
544 1408 738 1480 adolescente,
753 1408 878 1485 singula·

84 1505 124 1563 ris
136 1505 292 1574 severitas3
315 1504 345 1560 in
359 1504 394 1561 O.
405 1503 496 1565 Laelio
506 1504 599 1561 multa
608 1504 753 1574 hilaritas3
776 1504 805 1561 in
817 1503 878 1580 ejus

85 1601 219 1659 familiari
246 1600 385 1676 Scipione
413 1601 531 1661 ambitio
556 1600 657 1676 major,
681 1599 740 1657 vita
762 1599 876 1657 tristior.

86 1697 132 1755 De
145 1698 259 1755 Graecis
281 1706 386 1769 autem,
402 1697 517 1754 dulcem
532 1707 562 1753 et
576 1696 712 1767 facetum,
728 1695 877 1770 festivique
892 1704 923 1752 15

8 1862 9 1871 χ
87 1794 236 1866 sermonis,
260 1804 345 1868 atque
367 1794 397 1851 in
417 1794 497 1852 omni
518 1793 650 1852 oratione
670 1790 876 1865 simulatorem,

87 1909 172 1966 quern
186 1896 298 1966 Etpnra
312 1890 409 1947 Graci
423 1890 654 1960 nominaverunt,
668 1890 816 1948 Socratem
832 1909 878 1947 ac·

88 1987 235 2064 cepimus:
257 1997 368 2059 contra,
382 1986 576 2063 Pythagoram
596 1996 626 2043 et
646 1985 788 2044 Periclem
802 2005 877 2044 sum-

88 2103 162 2142 mam
172 2084 375 2141 auctoritatem
387 2092 571 2153 consecutos,
580 2082 643 2140 sine
655 2083 711 2140 ullrl
724 2083 875 2141 hilaritate.

88 2180 233 2239 Callidum
255 2164 461 2250 Hannibalern,
480 2197 517 2235 ex
536 2177 700 2250 Poenorum,
716 2197 752 2235 ex
771 2179 877 2237 nostris
891 2190 923 2240 st

88 2276 222 2348 ducibus
236 2275 278 2336 Q.
294 2273 455 2332 Maximum
477 2274 652 2351 accepimus,
667 2274 753 2332 facile
772 2275 875 2348 celare,

88 2384 195 2445 tacere,
211 2371 404 2443 dissimulare,
420 2370 561 2442 insidiari,
575 2371 732 2447 praecipere
751 2371 878 2449 hostiurn

88 2470 216 2530 consilia.
259 2467 295 2525 In
315 2486 372 2543 quo
399 2487 505 2545 genere
531 2467 628 2525 Graci
648 2467 877 2527 Themistoclem

8 2560 9 2569 ¹
89 2579 117 2627 et
137 2567 294 2625 Pheiaeum
318 2563 455 2622 Jasonem
477 2564 591 2622 caeteris
614 2573 800 2639 anteponunt.
842 2564 884 2631 In,

87 2662 244 2740 primisque
258 2668 404 2717 versutum
419 2669 448 2716 et
462 2659 599 2717 callidum
620 2659 728 2717 factum
750 2660 875 2735 Solonis,
890 2666 922 2715 25

88 2759 144 2834 qni,
159 2778 218 2834 quo
233 2766 263 2813 et
276 2755 365 2813 tutior
378 2755 438 2812 vita
456 2756 518 2832 ejus
531 2764 617 2827 esset,
632 2765 662 2813 et
674 2756 738 2832 plus
753 2756 878 2832 aliquan·

89 2856 124 2913 do
137 2852 307 2931 reipublicae
321 2852 481 2927 prodesset,
497 2851 593 2909 furere
606 2871 637 2909 se
651 2851 803 2909 simularit.

126 2953 201 3010 Sunt
223 2950 270 3007 his
299 2948 348 3007 alii
369 2949 491 3009 multum
512 2948 652 3026 dispares,
677 2948 824 3024 simplices
846 2957 876 3005 et
