2200 3492
118 154 214 215 nm]
409 152 620 200 nnosmcns.
900 143 958 201 159

114 303 214 381 potuit
241 303 346 360 videre.
398 303 449 371 Sic
476 311 605 379 repente,
633 301 733 359 annuli
760 301 911 374 beneficio,

95 417 171 456 ·rex
198 409 314 456 exortus
341 408 384 455 est
411 399 519 474 Lydiae.
564 398 665 463 ,Hunc
699 398 786 475 igitur
819 399 912 475 ipsum

120 496 259 554 annulum
272 496 298 553 si
312 497 416 554 habeat
430 498 555 573 sapiens,
570 497 661 554 nihilo
675 496 739 572 plus
753 496 808 553 sibi
822 497 912 553 licere

118 603 200 670 putet
219 613 353 669 peccare,
374 613 458 669 quarn
480 594 584 651 sinon
606 594 732 652 haberet.
781 593 913 651 Honesta

119 691 197 747 enim
211 690 298 747 bonis
310 691 388 762 viris,
404 710 462 748 non
476 682 602 761 occulta,
617 700 791 766 quaeruntur.
925 699 942 746 5

160 788 257 862 Atque
279 787 337 845 hoo
361 788 428 845 ¹loco
454 787 617 863 philosophi
644 788 770 864 quidam,
792 787 912 845 minime

119 884 189 941 mali
210 884 252 941 illi
273 884 399 959 quidem,
414 885 465 940 sed
485 903 544 942 non
566 885 635 945 satis
656 885 744 956 acuti,
765 885 861 942 fictam
874 894 912 941 et

119 981 354 1038 commenticiam
376 981 500 1038 fabulam
516 981 618 1039 dicunt
631 981 772 1056 prolatam
788 1001 804 1039 a
818 982 912 1039 Plato-

119 1097 174 1136 ne:
197 1078 277 1154 quasi
292 1074 359 1135 vero
379 1078 438 1149 ille,
455 1088 503 1135 aut
523 1078 631 1136 factum
651 1078 680 1136 id
698 1097 772 1148 esse,
787 1088 836 1136 aut
849 1078 912 1153 fieri

118 1175 258 1251 potuisse,
280 1174 424 1233 defendat.
474 1173 547 1232 Haec
568 1185 611 1232 est
633 1175 676 1232 vis
696 1175 781 1252 hujus
802 1175 910 1248 annuli,
927 1187 957 1234 10

119 1281 149 1328 et
170 1271 255 1348 hujus
278 1271 418 1347 exempli:
446 1271 471 1333 si
497 1291 584 1329 nemo
607 1264 745 1344 sciturus,
766 1292 853 1331 nemo
874 1292 911 1332 ne

119 1368 319 1444 suspicaturus
330 1368 447 1444 quidem
462 1369 508 1440 sit,
520 1388 588 1426 cum
603 1369 721 1444 aliquid,
736 1356 911 1442 dinitiarum,

119 1465 267 1542 potentiae,
288 1448 501 1536 dominationis,
522 1464 652 1522 libidinis
676 1466 774 1537 causti,
797 1465 911 1538 seceris,

121 1562 146 1619 si
174 1562 203 1619 id
233 1560 297 1620 Diis
325 1563 547 1636 hominibusque
581 1562 708 1619 futurum
736 1563 773 1620 sit
800 1582 912 1640 semper

121 1660 269 1736 ignotum3
291 1660 368 1716 sisne
382 1659 519 1717 facturus.
562 1657 690 1736 Negant,
701 1659 731 1716 id
741 1659 804 1717 fieri
817 1679 909 1736 posse.
927 1670 957 1718 15

119 1754 314 1829 Nequdquam
333 1764 429 1831 potest
443 1754 472 1812 id
486 1740 620 1830 quidem:
642 1756 692 1812 sed
714 1774 820 1831 quaero,
834 1757 916 1832 quod

120 1862 230 1929 negant
254 1871 347 1927 posse,
368 1852 396 1909 id
418 1852 443 1909 si
463 1861 571 1928 posset,
598 1852 734 1928 quidnam
763 1855 912 1914 facerent?

119 1948 233 2026 Urgent
252 1949 359 2006 rustice
380 1968 466 2007 sane:
488 1958 596 2026 negant
616 1949 693 2007 enim
715 1971 814 2026 posse3
836 1953 910 2010 etin

120 2062 157 2103 eo
176 2055 321 2122 perstant:
349 2046 404 2103 hoc
428 2047 545 2103 verbum
570 2047 639 2121 quid
663 2047 766 2118 valeat,
787 2068 843 2106 non
874 2050 913 2107 vi-

119 2144 198 2201 dent.
240 2144 316 2203 Cum
340 2143 418 2200 enim
442 2145 605 2219 quaerimus,
626 2144 651 2200 si
674 2145 785 2219 possint
806 2146 911 2217 celare,
926 2157 958 2206 20

120 2239 190 2316 quid
211 2240 315 2297 facturi
335 2240 403 2310 sint,
418 2259 477 2297 non
495 2240 660 2316 quaerimus,
674 2240 823 2315 possintne
838 2241 913 2299 cela·

120 2357 168 2395 re:
190 2338 247 2394 sed>
262 2348 397 2412 tanquam
419 2347 559 2394 tormenta
580 2337 709 2411 quaedam
733 2332 926 2410 adhibemusj

121 2445 163 2504 ut,
192 2434 216 2491 si
245 2432 459 2510 responderint,
482 2453 523 2505 se,
550 2434 721 2510 impunitate
754 2434 912 2510 propositi,
956 2446 959 2451 '

121 2531 250 2588 facturos
266 2530 347 2606 =qu0d
368 2530 512 2606 expediat,
526 2516 706 2589 facinorosos
720 2550 750 2588 se
764 2549 827 2588 esse
844 2531 914 2589 fate·

17 2664 18 2667 =
121 2638 206 2686 antur
215 2649 223 2698 ;
233 2626 270 2695 ,si
283 2626 510 2704 negentomnia
523 2627 618 2703 turpia
630 2646 681 2704 per
696 2628 790 2704 seipsa
803 2628 914 2705 fugien·
926 2643 958 2692 25

120 2724 159 2783 da
186 2744 250 2782 esse
277 2723 450 2781 concedant.
501 2723 563 2787 Sea
583 2723 644 2800 jam
673 2724 720 2782 ad
735 2725 913 2800 propositum

121 2832 299 2880 revertamur
