2200 3492
507 234 551 279 nn
569 233 713 279 osricus.
927 224 997 285 [la-1·

209 402 260 440 seu
274 402 359 457 quern
382 381 478 453 aliurn,
495 381 581 459 (nihil
597 383 673 439 enirn
686 392 790 457 praeter
805 381 933 438 auditum
949 379 999 436 ha·

209 480 277 558 beo)
294 480 431 536 arbitrum
445 478 570 536 Nolanis
584 489 614 536 et
626 478 828 554 Neapolitanis
842 478 878 534 de
891 476 998 534 finibus

189 568 349 633 asenatu
373 576 481 647 datum,
503 595 572 633 curu
596 576 631 633 ad
655 575 750 633 locum
772 574 906 645 venisset,
929 593 998 630 curn

178 674 182 680 “
208 673 336 747 utrisque
358 673 512 748 separatim
534 672 675 742 locutum,
690 682 721 730 ut
741 691 779 729 ne
801 672 906 747 cupide
927 671 996 746 quid

177 772 336 845 5a'gerent,
361 789 398 826 ne
421 779 598 845 appetenter,
615 779 698 844 atque
723 778 754 826 ut
773 769 887 844 regredi
911 787 997 843 quarn

206 866 341 942 progredi
360 866 485 923 mallent.
528 865 563 922 Id
578 885 645 923 curn
661 865 773 940 utrique
787 865 932 936 fecissent,
949 865 999 922 ali-

207 973 345 1038 quantum
372 964 432 1040 agri
460 963 491 1021 in
517 963 615 1021 medio
642 964 775 1021 relictum
803 973 854 1020 est.
896 961 998 1038 Itaque

208 1060 320 1117 illorum
338 1060 420 1132 fines,
435 1061 511 1118 sicut
532 1044 593 1136 ipsi=¹
607 1060 748 1131 dixerant,
762 1059 943 1116 terminavit:
966 1060 997 1116 iu

205 1154 304 1213 'medio
318 1158 451 1214 relictum
466 1158 542 1233 quod
556 1167 628 1229 erat,
642 1157 748 1233 populo
767 1156 905 1214 Romano
920 1156 1000 1232 adju·

146 1280 148 1285 ·
161 1252 193 1309 '10
209 1253 323 1311 dicavit.
363 1253 509 1330 Decipere
524 1254 581 1312 hoc
594 1254 709 1329 quidem
724 1263 777 1326 est,
787 1272 847 1312 uon
858 1254 998 1330 judicare.

207 1347 369 1422 Quocirca,
384 1351 414 1407 in
429 1352 508 1408 omni
523 1370 564 1423 re,
579 1350 716 1429 fugienda
729 1361 772 1408 est
786 1351 851 1408 talis
862 1351 998 1416 sollertia

248 1543 302 1601 XI.
325 1545 401 1602 Sunt
423 1556 519 1603 autern
538 1546 670 1621 quaedam
691 1545 788 1603 officia
800 1545 887 1602 etiarn
901 1546 1001 1627 adver·

209 1661 258 1698 sus
280 1661 330 1699 eos
352 1643 535 1713 servanda‚a
557 1642 662 1717 quibus
683 1642 817 1718 injuriam
842 1643 1003 1719 acceperis

210 1736 264 1794 Est
278 1739 354 1794 enirn
368 1737 530 1795 ulciscendi
545 1748 575 1794 et
587 1738 728 1813 puniendi
749 1739 860 1796 modus.
902 1738 1001 1814 Atque

165 1839 194 1886 15
211 1832 287 1889 haud
302 1833 374 1903 scio,
391 1852 426 1890 an
442 1833 511 1890 satis
526 1833 573 1905 sit,
588 1852 665 1905 eurn,
680 1834 729 1910 qui
742 1834 912 1907 lacessiverit,
927 1834 1003 1910 inju-

210 1928 260 1986 riae
281 1948 339 1985 suaa
363 1930 519 2005 poenitere,
541 1939 574 1986 ut
596 1940 624 1989 ct
645 1931 707 2006 ipse
721 1932 841 2007 nequid
855 1932 1003 2008 tale‘post·

211 2023 275 2095 hac,
291 2036 319 2081 et
334 2025 432 2082 caeteri
446 2025 504 2082 sint
519 2025 555 2082 ad
570 2026 704 2103 injuriam
718 2027 868 2087 tardiores.

251 2121 348 2196 Atque
366 2121 396 2178 in
415 2122 564 2199 republicis
586 2123 710 2182 maxime
724 2125 921 2182 conservanda
934 2136 1003 2182 sunt

209 2216 275 2294 jura
294 2218 371 2276 belli.
404 2216 502 2290 Natu,
523 2238 589 2277 curn
612 2221 671 2278 sint
692 2221 752 2278 duo
774 2239 882 2298 genera
903 2222 1004 2279 decer-

164 2326 196 2375 20
213 2314 309 2385 tandi,
342 2335 431 2373 unum
452 2330 510 2391 'per
532 2317 782 2393 disceptationem,
806 2318 927 2376 alterurn
951 2338 1003 2395 per

213 2412 286 2483 vim3
315 2431 437 2487 cumque
460 2412 530 2470 iliud
554 2415 699 2491 proprium
727 2414 763 2472 sit
787 2415 921 2488 hominis,
947 2416 1003 2474 hoc

213 2508 388 2578 belluarum,
422 2509 648 2585 confugiendum
677 2520 721 2568 est
745 2511 779 2567 ad
803 2511 956 2587 posterius
977 2514 1003 2570 si

213 2603 255 2660 uti
269 2623 327 2660 non
342 2604 411 2662 licet
426 2606 584 2681 superiore.
626 2604 730 2683 Quare
744 2608 929 2684 suscipienda
942 2610 1004 2685 qui-

214 2700 279 2756 dem
295 2701 370 2758 bella
383 2711 450 2758 sunt
472 2703 509 2759 ob
531 2721 594 2759 earn
621 2723 747 2779 causam,
762 2715 794 2761 ut
816 2706 879 2763 sine
900 2706 1006 2783 injurii
1034 2690 1037 2694 μ

166 2812 199 2862 25
214 2795 245 2855 in
265 2814 338 2871 pace
360 2797 485 2855 vivatur:
514 2799 596 2873 parti
619 2809 713 2856 autem
736 2801 866 2871 victorii,
889 2820 1006 2859 conser-

185 2942 187 2947 .
210 2892 301 2949 'vandi
316 2892 346 2964 ii,
361 2893 481 2968 quinon
496 2895 630 2952 crudeles
645 2895 674 2952 in
689 2896 774 2968 bello,
790 2915 848 2954 nou
864 2897 1007 2956 immanes

211 2988 347 3062 ‘sucruut3
372 3001 404 3048 ut
417 2991 540 3069 majores
560 2992 650 3051 nostri
670 2991 1006 3070 Tusculan05‚‘AEquos,
