2200 3492
82 212 179 273 nur]
370 210 415 261 nn
436 211 582 258 orrrcrrs.
864 198 921 258 185

83 361 188 438 magis,
205 378 264 436 que
283 360 333 419 illa
352 360 485 419 ordinum
507 359 677 437 conjunctio
698 359 734 416 ad
753 359 875 416 salutem

83 447 253 535 reipublicae
272 457 442 533 pertinebat.
484 455 563 514 Male
584 456 671 514 etiam
692 455 793 526 Curio,
808 473 875 513 eum

84 573 204 612 eausam
225 548 499 630 Transpadanorum
521 572 631 628 aequam
655 571 719 610 esse
742 553 874 611 dicebat:

83 670 199 728 semper
221 661 316 709 autem
336 651 469 721 addebat,
487 640 623 708 “Vincat
644 650 779 708 utilitas.'’
820 649 875 708 Po·
903 684 907 693 ·

84 749 142 807 tius
168 748 287 818 diceret,
311 766 370 804 non
394 766 458 804 esse
482 767 602 823 aquam,
627 747 776 822 quianon
800 756 905 805 esset5

86 845 165 904 utilis
179 844 355 921 reipubiitae,
371 863 466 919 quam,
481 860 547 902 curn
566 845 663 903 utilem
678 863 741 902 esse
755 845 875 916 diceret,

85 960 145 1005 nen
158 960 224 999 esse
237 960 347 1017 aequarn
362 941 507 999 fateretur.

125 1134 245 1193 XXIII.
272 1133 387 1213 Plenus¹
411 1148 454 1192 est
485 1146 583 1192 sextus
609 1135 681 1192 liber
708 1136 745 1192 de
772 1134 876 1195 officiis

86 1216 249 1288 Hecatonis
268 1231 369 1301 talium
390 1232 601 1307 quaestionum:v
619 1232 701 1289 Sitne
721 1232 790 1289 boni
811 1232 874 1303 viri,

85 1328 117 1386 in
131 1328 257 1386 maximi
272 1328 392 1385 earitate
406 1347 537 1400 annona,
554 1329 690 1385 familiam
705 1349 764 1386 non
780 1329 875 1387 alerei
891 1337 921 1383 lo

85 1422 122 1482 In
146 1435 296 1500 utramque
320 1430 429 1502 partem
455 1425 581 1501 disputat
588 1445 596 1495 ;
631 1426 680 1481 sed
709 1435 815 1497 tannen,
840 1425 875 1484 ad

85 1531 256 1594 extremum,
274 1522 397 1580 utilitate
416 1530 499 1597 putat
518 1521 646 1578 officinm
667 1522 752 1598 dirigi
774 1522 874 1598 magis,

86 1622 183 1694 quam'
194 1618 380 1685 humanitate.
421 1617 546 1689 Quaerit,
569 1617 602 1675 Si
623 1618 651 1674 in
674 1618 744 1675 mari
763 1618 877 1695 jactura

87 1714 222 1774 facienda
247 1715 294 1786 sit,
322 1715 426 1791 equine
455 1713 573 1790 pretiosi
607 1713 702 1789 potius
732 1714 874 1791 jacturam

86 1811 186 1883 faeiat,
201 1830 237 1869 an
251 1811 356 1868 servuli
370 1810 442 1881 ¹vilis.
494 1808 554 1867 Hie
576 1809 631 1867 alio
651 1828 697 1865 res
718 1809 874 1882 familiaria,
891 1819 921 1866 15

87 1908 144 1967 alio
165 1907 246 1964 duait
267 1907 436 1965 humanitas.
479 1909 511 1966 Si
530 1907 656 1971 tabulam
671 1907 707 1964 de
726 1907 876 1984 naufragio

86 2003 192 2062 stultus
226 2002 385 2078 arripuerit,
412 2005 633 2078 extorquebitne
660 2023 723 2062 earn
752 2005 874 2082 sapiens,

86 2100 113 2157 si
131 2094 278 2176 potuerit?
319 2098 426 2175 Negat,
441 2098 508 2173 quia
528 2098 565 2155 sit
587 2099 732 2174 injurium.
772 2100 875 2161 Quidt

87 2196 223 2255 dominus
243 2196 334 2267 navis,
350 2195 488 2271 eripietne
509 2196 614 2252 suumI
654 2193 794 2252 Minime:
816 2214 874 2250 non

86 2294 162 2370 plus,
177 2312 263 2368 quarn
277 2293 302 2350 si
315 2292 497 2368 navigantem
512 2291 542 2353 in
564 2291 622 2347 alto
641 2290 747 2367 ejicere
761 2290 797 2346 de
811 2290 876 2347 nari
891 2302 922 2351 20

88 2390 166 2465 velit,
181 2390 249 2465 quia
269 2407 321 2445 sua
340 2388 386 2446 sit.
426 2388 534 2450 Quoad
556 2387 634 2445 enim
653 2398 822 2462 perventum
840 2387 877 2445 sit

87 2505 134 2559 eo,
150 2504 207 2561 quo
227 2494 340 2561 sumpta
359 2483 440 2541 navis
460 2495 513 2555 est,
528 2500 585 2542 non
604 2482 714 2542 domini
729 2494 772 2539 est
785 2484 875 2555 navis,

87 2583 139 2643 eed
160 2582 365 2658 navigantium.
406 2581 509 2643 Quidt
530 2581 627 2638 sinna
646 2579 744 2637 tabula
757 2580 804 2653 sit,
819 2568 877 2639 duo

88 2677 231 2754 naufragi,
247 2676 353 2757 [reque]
368 2677 526 2753 sapientes;
548 2676 641 2734 sibine
656 2677 762 2734 utervis
776 2678 877 2754 rapiat,

89 2794 126 2834 an
141 2775 212 2832 alter
227 2774 312 2832 cedat
326 2774 427 2831 alterii
467 2773 562 2831 Cedat
575 2768 660 2831 vere:
682 2773 732 2830 sed
747 2774 784 2846 ei,
796 2775 879 2851 eujus
893 2793 925 2841 ᾖ

88 2872 182 2949 magis
209 2871 331 2941 intersit,
359 2869 403 2926 vel
431 2870 483 2927 suri
511 2868 554 2927 vel
582 2871 747 2947 reipublicae
781 2864 878 2942 eausa,

89 2968 194 3028 rivere.
235 2967 338 3030 Quid?
359 2966 383 3024 si
404 2966 466 3025 haee
485 2966 566 3043 paria
579 2968 610 3037 in
625 2969 766 3042 utroque?
807 2965 879 3026 Nul-

330 3061 392 3123 16*
631 3055 635 3061 “
