2200 3492
95 190 179 255 um]
389 193 434 241 ns
454 193 603 243 osricus.
882 183 940 243 110

33 346 35 373 ³
95 343 194 417 tiores,
210 345 246 402 sd
269 345 346 402 bene
367 344 404 402 de
426 342 524 405 multis
543 344 775 422 promerendum.
817 343 893 403 Pre-

97 440 175 499 elate
186 440 312 517 epistolis
326 441 451 516 quidam
467 442 663 499 Alexandrum
679 442 768 499 filium
783 439 892 518 Philip·

96 556 147 614 pus
158 547 290 610 aoeusat,
300 537 378 613 quod
389 537 542 615 largitione
551 537 779 597 benevolentiam
792 537 892 596 Maee-

97 633 204 692 donnm
216 644 410 692 consectetur.
447 634 551 697 “Quas
562 643 592 691 te
603 634 774 714 (maluml)”
787 634 890 710 inquit,

97 731 196 789 “ratio
219 730 249 788 in
272 733 358 789 istam
379 750 458 807 spem
476 731 599 805 induxit,
615 741 646 790 ut
659 751 710 790 eos
723 732 776 789 tibi
790 732 921 792 fidelesb

96 837 211 905 putares
231 827 304 899 lore,
319 846 392 903 quos
412 829 538 904 pecunia
558 829 754 905 eorrupissesl
793 829 843 889 An
856 840 889 888 tu

96 924 124 984 id
144 925 218 1002 agis,
232 934 266 982 ut
288 923 479 996 Macedones,
493 943 553 985 non
568 934 597 983 te
611 944 707 1002 regern
727 944 823 995 suum,
837 926 889 983 sed

96 1021 258 1083 ministrum
273 1030 303 1079 et
316 1022 510 1097 prebitorem,
523 1032 639 1098 sperent
660 1021 765 1080 forel’'
807 1022 889 1080 Bene

95 1118 257 1176 ministrum
281 1127 310 1175 et
334 1117 527 1194 praebitmem,
549 1118 619 1193 quia
638 1119 786 1176 sordidum
806 1119 888 1196 regi3

95 1215 196 1272 melius
210 1215 309 1286 etiam,
324 1215 400 1290 quod
420 1215 603 1292 largitionem
617 1216 808 1293 corruptelam
824 1236 888 1275 esse
903 1221 935 1273 10

94 1310 173 1371 dixit.
216 1310 267 1369 Fit
287 1311 365 1368 enirn
386 1311 521 1383 deterior,
535 1311 586 1387 qui
607 1312 723 1388 aooipit,
745 1323 830 1387 atque
852 1313 888 1370 ad

21 1448 23 1451 ·
93 1406 168 1465 idem
192 1426 306 1484 semper
328 1407 551 1484 exspectandum
573 1409 708 1484 paratior.
750 1407 818 1467 Hoc
838 1409 888 1468 ille

21 1492 23 1501 ’
93 1503 164 1562 filio:
186 1504 238 1561 sed
252 1515 427 1581 preceptum
441 1514 578 1580 putemus
591 1504 735 1563 omuibus.
774 1504 889 1567 Quam·

94 1601 194 1659 obrem
220 1601 252 1658 id
278 1601 393 1676 quidem
421 1621 480 1659 non
513 1600 634 1659 dubium
661 1612 714 1672 est,
741 1602 809 1677 quin
838 1601 889 1661 illa

95 1697 269 1775 benignitas,
284 1716 347 1772 quae
368 1707 483 1754 constet
495 1715 533 1754 ex
545 1697 634 1772 operti
648 1706 678 1755 et
692 1697 844 1771 industrii,
857 1709 887 1759 et
902 1703 933 1753 1⁶

95 1793 243 1853 honestior
263 1795 310 1866 sit,
324 1804 354 1852 et
374 1793 461 1852 latius
483 1804 591 1870 pateat,
605 1804 635 1852 et
647 1795 738 1872 possit
750 1796 887 1871 prodesse

18 1888 20 1903 ⁵
93 1889 233 1967 pluribus.

129 1986 354 2061 Nonnunquam
372 1996 470 2046 tamen
483 1997 528 2046 est
540 1987 739 2065 largiendum
760 2008 816 2047 neo
830 1989 887 2049 hoe

18 2082 20 2123 ³
93 2082 283 2160 benignitatis
302 2070 395 2159 genus
414 2084 536 2142 omnino
554 2085 761 2161 repudiandum
775 2096 836 2156 est;
857 2096 887 2145 et

18 2162 19 2193 ³
94 2197 167 2256 sepe
182 2178 295 2238 idoneis
315 2178 481 2239 hominibus
501 2180 697 2258 indigentibus
711 2182 747 2238 de
761 2200 793 2238 re
807 2182 888 2239 fami·
900 2186 933 2238 2⁰

93 2275 156 2334 lieri
177 2275 419 2351 impertiendum
441 2276 491 2333 sed
510 2277 674 2354 diligenter,
689 2287 775 2352 atque
789 2278 887 2335 mode·

18 2358 19 2431 s
94 2383 162 2432 rate.
205 2371 295 2431 Multi
315 2373 392 2431 euim
413 2372 586 2448 patrimonia
599 2374 772 2444 effuderunt,
787 2374 888 2433 inoou·

94 2470 168 2529 salte
181 2470 344 2547 largiendo.
383 2469 467 2531 Quid
485 2480 580 2528 autern
595 2482 639 2529 est
651 2470 776 2543 stultius,
790 2492 887 2551 quam,

18 2576 19 2589 ¹
94 2568 171 2643 quod
190 2567 317 2625 libenter
338 2566 438 2640 sanias,
452 2586 566 2639 curare,
579 2576 612 2625 ut
625 2567 653 2629 id
668 2567 777 2627 diutius
791 2569 888 2628 faeere

95 2683 152 2722 non
165 2663 282 2740 possisl
323 2664 422 2739 Atque
432 2664 519 2722 etiam
533 2676 692 2739 sequuntur
705 2665 886 2743 largitionem
899 2677 932 2728 at

95 2762 210 2838 rapine.
265 2760 340 2821 Cum
374 2761 453 2819 enim
486 2761 584 2831 dando
616 2780 703 2841 egere
736 2764 886 2839 ooeperint,

18 2850 19 2925 l
97 2858 197 2917 alienis
210 2857 297 2916 bonis
311 2876 416 2915 manus
428 2857 529 2916 afferre
543 2868 696 2935 eoguntur.
737 2859 793 2931 Ita,
808 2878 886 2930 curn,

97 2953 303 3014 benevolentius
331 2955 533 3031 oompnrandre
556 2956 657 3028 eausa,
677 2955 800 3014 benefici
822 2969 888 3012 esse

1069 2908 1071 2983 l
