2200 3492
174 205 232 265 198
509 213 553 260 nn
575 210 723 262 orneris.
919 210 1010 282 [utu

218 363 347 422 miluus
360 361 513 439 Pomponii
534 362 653 422 domum
667 360 780 422 venisse
795 360 912 419 dieitur.
955 359 1012 428 Cui

219 480 285 519 cum
306 471 383 518 esset
401 460 582 530 nuntiatum
610 459 686 535 quod
708 459 791 520 illum
817 458 925 518 iratum
947 458 1011 518 ello·

218 569 315 614 turum
329 557 411 615 adse
428 557 533 633 aliquid
553 566 656 614 eontra
674 566 786 632 patrem
808 555 1011 618 arbitraretur

218 645 342 713 surrexit
367 673 384 712 e
410 654 519 712 lectulo
526 675 534 724 ;
560 654 736 732 remotisque
764 652 889 723 arbitris,
918 652 956 710 ad
981 671 1014 710 se

187 754 204 801 5
220 750 430 808 adolescentem
443 751 527 827 jussit
540 751 646 808 venire.
688 750 730 807 At
743 749 801 820 ille,
816 759 849 806 ut
865 749 1012 826 ingressus

202 858 273 919 est,
295 848 448 906 confestim
468 848 596 925 gladium
616 847 778 919 destrinxit,
792 846 968 923 juravitque,
983 864 1013 903 se

220 944 300 1006 illum
315 945 410 1003 statim
424 944 653 1015 interfecturum,
668 942 725 1002 nisi
740 943 944 1020 jusjurandum
958 942 1014 1000 sibi

220 1042 355 1113 dedisset,
370 1062 401 1099 se
414 1052 523 1117 patrem
539 1040 658 1100 missum
678 1059 742 1098 esse
763 1040 918 1100 facturum.
962 1039 1014 1097 Ju-

219 1138 292 1198 tuvit
313 1138 369 1195 hoo
390 1148 509 1197 coactus
532 1148 642 1195 terrore
663 1137 864 1212 Pomponius:
892 1136 1014 1196 remed

173 1234 357 1310 1⁰·populum
377 1234 495 1293 detulit:
524 1234 633 1306 docuit,
651 1253 708 1292 eur
732 1234 787 1292 sibi
810 1234 901 1292 oausb
925 1232 1014 1293 desis

113 1387 118 1400 ,
219 1340 281 1388 tere
314 1350 435 1389 neeesse
467 1341 559 1389 esset:
598 1330 741 1390 Manlium
778 1331 899 1389 missum
935 1331 1012 1390 feeit.

219 1427 348 1486 Tantum
375 1428 554 1505 temporibus
581 1429 638 1486 illis
661 1427 862 1504 jusjurandum
891 1428 1012 1487 valebat

219 1526 317 1601 Atque
338 1525 388 1584 hie
407 1525 446 1585 Τ.
461 1524 590 1584 Manlius
609 1525 634 1583 is
649 1536 708 1598 est,
722 1525 781 1600 qui,
798 1526 833 1583 ad
854 1524 1014 1598 Anienem,
1091 1577 1092 1582 ,

219 1623 306 1695 Gelli,
321 1642 405 1699 quem
427 1624 519 1682 abeo
539 1632 712 1698 provocatus
732 1622 891 1695 oeeiderat,
912 1633 1017 1699 torque

174 1725 205 1774 15
219 1707 545 1796 detraoto,‘eognomen
566 1719 692 1780 invenit:
721 1718 805 1795 eujus
830 1719 917 1777 tertio
945 1739 1015 1778 con·

219 1814 313 1873 sulatu
330 1815 427 1874 Latini
442 1815 478 1873 ed
489 1815 621 1886 Veserim
636 1815 702 1887 lusi,
716 1825 746 1873 et
759 1816 869 1893 fugati:
891 1835 1015 1894 mugnus

219 1911 261 1969 vir
285 1912 315 1968 in
338 1911 447 1988 primis,
472 1919 502 1968 et
522 1911 582 1986 qui,
605 1912 811 1990 perindulgens
836 1912 867 1970 in
889 1923 1013 1991 patrem,

219 2008 295 2065 idem
311 2009 416 2068 acerbe
429 2024 546 2066 severus
560 2008 590 2066 in
604 2009 704 2071 filium.
811 1996 814 2003 ⁴

258 2202 391 2261 XXXII.
414 2204 483 2275 Sed,
502 2214 535 2262 ut
554 2203 717 2261 laudandus
733 2187 871 2281 *Regulus
892 2205 923 2263 in
944 2224 1017 2265 oon·
1090 2194 1091 2251 Ϊ

172 2303 204 2353 20
219 2301 360 2367 servando
379 2300 574 2378 jurejurando,
589 2300 634 2358 sio
653 2301 818 2359 deuemilli
841 2302 928 2378 (quos
947 2314 1014 2379 post
1090 2296 1091 2339 l

219 2396 403 2455 Gannensem
430 2416 555 2475 pugnum
581 2396 690 2473 juratos
711 2398 746 2454 ad
774 2393 906 2456 senatum
935 2401 1015 2458 misit

219 2492 378 2565 Hannibal,
406 2511 437 2550 se
464 2494 494 2551 in
522 2503 617 2554 castra
642 2494 790 2552 ¹redituros
816 2514 860 2565 ee,
889 2515 1015 2570 quorum
1091 2497 1092 2574 ᾗ

218 2588 302 2665 potiti
323 2600 406 2647 erant
427 2590 519 2661 Poeni,
540 2588 596 2647 nisi
623 2590 660 2647 de
687 2590 863 2648 redimendis
891 2593 1015 2668 eaptivis
1091 2597 1092 2602 ’

219 2684 473 2765 impetravissent),
502 2686 527 2743 si
553 2705 612 2743 non
641 2687 798 2756 redierunt,
819 2688 1012 2763 vituperandi.

172 2794 205 2843 25
219 2781 265 2840 De
280 2782 383 2857 quibus
397 2801 455 2839 non
470 2802 571 2840 omnes
586 2801 645 2840 uno
660 2784 760 2842 modo:
782 2801 848 2841 num
863 2783 1012 2861 Polybius,
1091 2833 1092 2844 ,

220 2879 311 2938 bonus
332 2889 431 2937 auctor
458 2879 599 2956 inprimis,
621 2882 730 2952 scribit,
752 2901 788 2938 ox
807 2881 908 2939 decern
930 2883 1014 2942 nobi

219 2976 347 3049 lissimis,
360 2977 413 3052 qui·
430 2987 595 3036 tumerent
615 2978 705 3050 missi,
722 2997 827 3036 novem
848 2980 1011 3055 revertisse,
