<?xml version="1.0" encoding="UTF-8"?>
<!DOCTYPE html PUBLIC "-//W3C//DTD XHTML 1.0 Transitional//EN"
    "http://www.w3.org/TR/xhtml1/DTD/xhtml1-transitional.dtd">
<html xmlns="http://www.w3.org/1999/xhtml" xml:lang="en" lang="en">
 <head>
  <title>
</title>
<meta http-equiv="Content-Type" content="text/html;charset=utf-8" />
  <meta name='ocr-system' content='tesseract 3.04.00' />
  <meta name='ocr-capabilities' content='ocr_page ocr_carea ocr_par ocr_line ocrx_word'/>
</head>
<body>
  <div class='ocr_page' id='page_1' title='image "./mtciceronisdeof04cicegoog/mtciceronisdeof04cicegoog_0065.png"; bbox 0 0 2200 3492; ppageno 0'>
   <div class='ocr_carea' id='block_1_1' title="bbox 79 189 904 260">
    <p class='ocr_par' dir='ltr' id='par_1_1' title="bbox 79 189 904 260">
     <span class='ocr_line' id='line_1_1' title="bbox 79 189 904 260; baseline 0 -14"><span class='ocrx_word' id='word_1_1' title='bbox 79 199 144 260; x_wconf 79' lang='lat' dir='ltr'><strong>ui]</strong></span> <span class='ocrx_word' id='word_1_2' title='bbox 343 202 408 249; x_wconf 69' lang='lat' dir='ltr'><strong>oe</strong></span> <span class='ocrx_word' id='word_1_3' title='bbox 432 201 578 251; x_wconf 64' lang='lat' dir='ltr'><strong>ormena.</strong></span> <span class='ocrx_word' id='word_1_4' title='bbox 864 189 904 247; x_wconf 84' lang='grc'><strong>49</strong></span> 
     </span>
    </p>
   </div>
   <div class='ocr_carea' id='block_1_2' title="bbox 74 345 914 1879">
    <p class='ocr_par' dir='ltr' id='par_1_2' title="bbox 74 345 914 1879">
     <span class='ocr_line' id='line_1_2' title="bbox 78 345 859 426; baseline -0.003 -21"><span class='ocrx_word' id='word_1_5' title='bbox 78 348 160 420; x_wconf 89' lang='lat' dir='ltr'><strong>niam,</strong></span> <span class='ocrx_word' id='word_1_6' title='bbox 183 349 232 406; x_wconf 89' lang='lat' dir='ltr'><strong>sed</strong></span> <span class='ocrx_word' id='word_1_7' title='bbox 261 349 347 409; x_wconf 82' lang='lat' dir='ltr'><strong>vitem</strong></span> <span class='ocrx_word' id='word_1_8' title='bbox 375 349 473 423; x_wconf 83' lang='lat' dir='ltr'><strong>etiam,</strong></span> <span class='ocrx_word' id='word_1_9' title='bbox 494 349 670 426; x_wconf 82' lang='lat' dir='ltr'><strong>profundere</strong></span> <span class='ocrx_word' id='word_1_10' title='bbox 693 368 746 425; x_wconf 87' lang='lat' dir='ltr'><strong>pro</strong></span> <span class='ocrx_word' id='word_1_11' title='bbox 765 345 859 423; x_wconf 71' lang='lat' dir='ltr'><strong>patrii</strong></span> 
     </span>
     <span class='ocr_line' id='line_1_3' title="bbox 77 444 857 524; baseline -0.004 -21"><span class='ocrx_word' id='word_1_12' title='bbox 77 445 161 521; x_wconf 84' lang='lat' dir='ltr'><strong>parati</strong></span> <span class='ocrx_word' id='word_1_13' title='bbox 169 457 281 505; x_wconf 83' lang='lat' dir='ltr'><strong>essent:</strong></span> <span class='ocrx_word' id='word_1_14' title='bbox 302 447 389 505; x_wconf 88' lang='lat' dir='ltr'><strong>iidem</strong></span> <span class='ocrx_word' id='word_1_15' title='bbox 398 448 498 524; x_wconf 83' lang='lat' dir='ltr'><strong>gloriae</strong></span> <span class='ocrx_word' id='word_1_16' title='bbox 506 446 650 522; x_wconf 85' lang='lat' dir='ltr'><strong>jacturam</strong></span> <span class='ocrx_word' id='word_1_17' title='bbox 661 465 699 502; x_wconf 91' lang='lat' dir='ltr'><strong>ne</strong></span> <span class='ocrx_word' id='word_1_18' title='bbox 709 444 857 501; x_wconf 85' lang='lat' dir='ltr'><strong>minimam</strong></span> 
     </span>
     <span class='ocr_line' id='line_1_4' title="bbox 77 542 860 619; baseline -0.001 -21"><span class='ocrx_word' id='word_1_19' title='bbox 77 542 185 617; x_wconf 89' lang='lat' dir='ltr'><strong>quidem</strong></span> <span class='ocrx_word' id='word_1_20' title='bbox 206 544 302 601; x_wconf 85' lang='lat' dir='ltr'><strong>facere</strong></span> <span class='ocrx_word' id='word_1_21' title='bbox 320 545 436 616; x_wconf 87' lang='lat' dir='ltr'><strong>vellent,</strong></span> <span class='ocrx_word' id='word_1_22' title='bbox 451 563 488 602; x_wconf 90' lang='lat' dir='ltr'><strong>ne</strong></span> <span class='ocrx_word' id='word_1_23' title='bbox 502 543 651 619; x_wconf 71' lang='lat' dir='ltr'><strong>republica</strong></span> <span class='ocrx_word' id='word_1_24' title='bbox 666 542 782 618; x_wconf 90' lang='lat' dir='ltr'><strong>quidem</strong></span> <span class='ocrx_word' id='word_1_25' title='bbox 795 559 860 616; x_wconf 90' lang='lat' dir='ltr'><strong>pos·</strong></span> 
     </span>
     <span class='ocr_line' id='line_1_5' title="bbox 77 637 914 723; baseline -0.002 -27"><span class='ocrx_word' id='word_1_26' title='bbox 77 639 192 699; x_wconf 89' lang='lat' dir='ltr'><strong>tulante:</strong></span> <span class='ocrx_word' id='word_1_27' title='bbox 207 651 240 697; x_wconf 86' lang='lat' dir='ltr'><strong>ut</strong></span> <span class='ocrx_word' id='word_1_28' title='bbox 249 640 462 723; x_wconf 79' lang='lat' dir='ltr'><strong>Callioratidas,</strong></span> <span class='ocrx_word' id='word_1_29' title='bbox 473 640 533 715; x_wconf 93' lang='lat' dir='ltr'><strong>qui,</strong></span> <span class='ocrx_word' id='word_1_30' title='bbox 544 660 611 697; x_wconf 88' lang='lat' dir='ltr'><strong>oum</strong></span> <span class='ocrx_word' id='word_1_31' title='bbox 624 637 859 697; x_wconf 80' lang='lat' dir='ltr'><strong>Lacedaemonio·</strong></span> <span class='ocrx_word' id='word_1_32' title='bbox 910 709 914 718; x_wconf 69' lang='lat'><strong>,</strong></span> 
     </span>
     <span class='ocr_line' id='line_1_6' title="bbox 76 736 889 818; baseline 0.005 -26"><span class='ocrx_word' id='word_1_33' title='bbox 76 755 133 793; x_wconf 88' lang='lat' dir='ltr'><strong>mm</strong></span> <span class='ocrx_word' id='word_1_34' title='bbox 152 737 210 795; x_wconf 79' lang='lat' dir='ltr'><strong>dun</strong></span> <span class='ocrx_word' id='word_1_35' title='bbox 226 737 329 796; x_wconf 86' lang='lat' dir='ltr'><strong>suisset</strong></span> <span class='ocrx_word' id='word_1_36' title='bbox 348 736 598 813; x_wconf 77' lang='lat' dir='ltr'>Peloponnesiaco</span> <span class='ocrx_word' id='word_1_37' title='bbox 611 736 698 808; x_wconf 93' lang='lat' dir='ltr'><strong>bello,</strong></span> <span class='ocrx_word' id='word_1_38' title='bbox 711 736 859 818; x_wconf 89' lang='lat' dir='ltr'><strong>multaque</strong></span> <span class='ocrx_word' id='word_1_39' title='bbox 873 749 889 796; x_wconf 90' lang='lat'>5</span> 
     </span>
     <span class='ocr_line' id='line_1_7' title="bbox 76 828 859 912; baseline -0.004 -21"><span class='ocrx_word' id='word_1_40' title='bbox 76 833 184 891; x_wconf 80' lang='lat' dir='ltr'><strong>fecisset</strong></span> <span class='ocrx_word' id='word_1_41' title='bbox 204 836 333 912; x_wconf 79' lang='lat' dir='ltr'>egregie,</span> <span class='ocrx_word' id='word_1_42' title='bbox 348 835 432 891; x_wconf 87' lang='lat' dir='ltr'><strong>vertit</strong></span> <span class='ocrx_word' id='word_1_43' title='bbox 447 835 482 892; x_wconf 90' lang='lat' dir='ltr'><strong>ad</strong></span> <span class='ocrx_word' id='word_1_44' title='bbox 497 828 656 892; x_wconf 81' lang='lat' dir='ltr'><strong>extremum</strong></span> <span class='ocrx_word' id='word_1_45' title='bbox 670 832 778 903; x_wconf 89' lang='lat' dir='ltr'><strong>omnia,</strong></span> <span class='ocrx_word' id='word_1_46' title='bbox 793 851 859 889; x_wconf 89' lang='lat' dir='ltr'><strong>oum</strong></span> 
     </span>
     <span class='ocr_line' id='line_1_8' title="bbox 75 928 859 1008; baseline -0.004 -20"><span class='ocrx_word' id='word_1_47' title='bbox 75 931 190 988; x_wconf 86' lang='lat' dir='ltr'><strong>oonsilio</strong></span> <span class='ocrx_word' id='word_1_48' title='bbox 204 951 264 988; x_wconf 89' lang='lat' dir='ltr'><strong>non</strong></span> <span class='ocrx_word' id='word_1_49' title='bbox 278 931 374 1008; x_wconf 85' lang='lat' dir='ltr'><strong>paruit</strong></span> <span class='ocrx_word' id='word_1_50' title='bbox 387 950 498 1002; x_wconf 81' lang='lat' dir='ltr'><strong>eorum,</strong></span> <span class='ocrx_word' id='word_1_51' title='bbox 513 930 563 1006; x_wconf 90' lang='lat' dir='ltr'><strong>qui</strong></span> <span class='ocrx_word' id='word_1_52' title='bbox 584 930 705 988; x_wconf 79' lang='lat' dir='ltr'><strong>classem</strong></span> <span class='ocrx_word' id='word_1_53' title='bbox 720 930 756 987; x_wconf 93' lang='lat' dir='ltr'><strong>ab</strong></span> <span class='ocrx_word' id='word_1_54' title='bbox 774 928 859 1005; x_wconf 82' lang='lat' dir='ltr'><strong>Argi·</strong></span> 
     </span>
     <span class='ocr_line' id='line_1_9' title="bbox 74 1025 860 1100; baseline -0.003 -16"><span class='ocrx_word' id='word_1_55' title='bbox 74 1028 161 1085; x_wconf 84' lang='lat' dir='ltr'><strong>nassis</strong></span> <span class='ocrx_word' id='word_1_56' title='bbox 181 1029 397 1100; x_wconf 81' lang='lat' dir='ltr'><strong>removendam,</strong></span> <span class='ocrx_word' id='word_1_57' title='bbox 412 1047 468 1086; x_wconf 88' lang='lat' dir='ltr'><strong>neo</strong></span> <span class='ocrx_word' id='word_1_58' title='bbox 487 1047 554 1085; x_wconf 88' lang='lat' dir='ltr'><strong>oum</strong></span> <span class='ocrx_word' id='word_1_59' title='bbox 576 1026 804 1084; x_wconf 81' lang='lat' dir='ltr'><strong>Atheniensibus</strong></span> <span class='ocrx_word' id='word_1_60' title='bbox 818 1025 860 1082; x_wconf 90' lang='lat' dir='ltr'><strong>di·</strong></span> 
     </span>
     <span class='ocr_line' id='line_1_10' title="bbox 74 1122 857 1201; baseline -0.001 -21"><span class='ocrx_word' id='word_1_61' title='bbox 74 1124 245 1197; x_wconf 88' lang='lat' dir='ltr'><strong>mioandum,</strong></span> <span class='ocrx_word' id='word_1_62' title='bbox 277 1125 425 1201; x_wconf 87' lang='lat' dir='ltr'><strong>putabant.</strong></span> <span class='ocrx_word' id='word_1_63' title='bbox 465 1124 584 1186; x_wconf 79' lang='lat' dir='ltr'><strong>Quibus</strong></span> <span class='ocrx_word' id='word_1_64' title='bbox 617 1123 667 1181; x_wconf 91' lang='lat' dir='ltr'><strong>ille</strong></span> <span class='ocrx_word' id='word_1_65' title='bbox 699 1122 857 1199; x_wconf 88' lang='lat' dir='ltr'><strong>respondit,</strong></span> 
     </span>
     <span class='ocr_line' id='line_1_11' title="bbox 75 1219 904 1295; baseline -0.002 -17"><span class='ocrx_word' id='word_1_66' title='bbox 75 1219 316 1294; x_wconf 85' lang='lat' dir='ltr'><strong>Laoedaemonios,</strong></span> <span class='ocrx_word' id='word_1_67' title='bbox 338 1221 430 1278; x_wconf 83' lang='lat' dir='ltr'><strong>olasse</strong></span> <span class='ocrx_word' id='word_1_68' title='bbox 450 1220 499 1278; x_wconf 73' lang='lat' dir='ltr'><strong>illa</strong></span> <span class='ocrx_word' id='word_1_69' title='bbox 521 1220 636 1292; x_wconf 71' lang='lat' dir='ltr'><strong>amissa,</strong></span> <span class='ocrx_word' id='word_1_70' title='bbox 651 1220 736 1278; x_wconf 90' lang='lat' dir='ltr'><strong>aliam</strong></span> <span class='ocrx_word' id='word_1_71' title='bbox 756 1237 858 1295; x_wconf 85' lang='lat' dir='ltr'><strong>parare</strong></span> <span class='ocrx_word' id='word_1_72' title='bbox 875 1221 904 1270; x_wconf 85' lang='lat'><strong>10</strong></span> 
     </span>
     <span class='ocr_line' id='line_1_12' title="bbox 74 1318 856 1396; baseline -0.005 -19"><span class='ocrx_word' id='word_1_73' title='bbox 74 1337 158 1393; x_wconf 85' lang='lat' dir='ltr'><strong>posse,</strong></span> <span class='ocrx_word' id='word_1_74' title='bbox 179 1340 211 1377; x_wconf 82' lang='lat' dir='ltr'><strong>se</strong></span> <span class='ocrx_word' id='word_1_75' title='bbox 236 1320 336 1396; x_wconf 81' lang='lat' dir='ltr'><strong>sugere</strong></span> <span class='ocrx_word' id='word_1_76' title='bbox 355 1318 423 1391; x_wconf 42' lang='lat' dir='ltr'><strong>,sine</strong></span> <span class='ocrx_word' id='word_1_77' title='bbox 447 1337 500 1383; x_wconf 87' lang='lat' dir='ltr'><strong>suo</strong></span> <span class='ocrx_word' id='word_1_78' title='bbox 521 1318 665 1388; x_wconf 77' lang='lat' dir='ltr'><strong>dedeoore</strong></span> <span class='ocrx_word' id='word_1_79' title='bbox 685 1337 743 1375; x_wconf 92' lang='lat' dir='ltr'><strong>non</strong></span> <span class='ocrx_word' id='word_1_80' title='bbox 764 1335 856 1393; x_wconf 88' lang='lat' dir='ltr'><strong>posse.</strong></span> 
     </span>
     <span class='ocr_line' id='line_1_13' title="bbox 76 1413 859 1492; baseline -0.004 -20"><span class='ocrx_word' id='word_1_81' title='bbox 76 1415 162 1491; x_wconf 82' lang='lat' dir='ltr'><strong>Atque</strong></span> <span class='ocrx_word' id='word_1_82' title='bbox 184 1417 250 1475; x_wconf 85' lang='lat' dir='ltr'><strong>haeo</strong></span> <span class='ocrx_word' id='word_1_83' title='bbox 271 1416 387 1492; x_wconf 92' lang='lat' dir='ltr'><strong>quidem</strong></span> <span class='ocrx_word' id='word_1_84' title='bbox 408 1414 639 1473; x_wconf 72' lang='lat' dir='ltr'><strong>Lacedaemoniis</strong></span> <span class='ocrx_word' id='word_1_85' title='bbox 652 1414 738 1490; x_wconf 87' lang='lat' dir='ltr'><strong>plaga</strong></span> <span class='ocrx_word' id='word_1_86' title='bbox 752 1413 859 1470; x_wconf 89' lang='lat' dir='ltr'><strong>medio·</strong></span> 
     </span>
     <span class='ocr_line' id='line_1_14' title="bbox 76 1509 859 1591; baseline -0.005 -22"><span class='ocrx_word' id='word_1_87' title='bbox 76 1513 140 1570; x_wconf 86' lang='lat' dir='ltr'><strong>oris:</strong></span> <span class='ocrx_word' id='word_1_88' title='bbox 161 1514 211 1572; x_wconf 85' lang='lat' dir='ltr'><strong>illa</strong></span> <span class='ocrx_word' id='word_1_89' title='bbox 225 1513 373 1591; x_wconf 87' lang='lat' dir='ltr'><strong>pestifera,</strong></span> <span class='ocrx_word' id='word_1_90' title='bbox 389 1512 455 1587; x_wconf 71' lang='lat' dir='ltr'><strong>qui,</strong></span> <span class='ocrx_word' id='word_1_91' title='bbox 471 1531 537 1568; x_wconf 90' lang='lat' dir='ltr'><strong>oum</strong></span> <span class='ocrx_word' id='word_1_92' title='bbox 560 1511 773 1581; x_wconf 82' lang='lat' dir='ltr'><strong>Cleombrotus,</strong></span> <span class='ocrx_word' id='word_1_93' title='bbox 788 1509 859 1566; x_wconf 87' lang='lat' dir='ltr'><strong>invi·</strong></span> 
     </span>
     <span class='ocr_line' id='line_1_15' title="bbox 77 1604 858 1683; baseline -0.005 -18"><span class='ocrx_word' id='word_1_94' title='bbox 77 1607 452 1683; x_wconf 84' lang='lat' dir='ltr'><strong>diamtimens,temerecum</strong></span> <span class='ocrx_word' id='word_1_95' title='bbox 460 1604 858 1683; x_wconf 77' lang='lat' dir='ltr'><strong>Epaminondaconflixisset,</strong></span> 
     </span>
     <span class='ocr_line' id='line_1_16' title="bbox 77 1702 904 1783; baseline -0.008 -21"><span class='ocrx_word' id='word_1_96' title='bbox 77 1704 352 1766; x_wconf 73' lang='lat' dir='ltr'><strong>lacedemoniorum</strong></span> <span class='ocrx_word' id='word_1_97' title='bbox 372 1725 441 1783; x_wconf 88' lang='lat' dir='ltr'><strong>opes</strong></span> <span class='ocrx_word' id='word_1_98' title='bbox 462 1714 643 1763; x_wconf 86' lang='lat' dir='ltr'><strong>oorruerunt.</strong></span> <span class='ocrx_word' id='word_1_99' title='bbox 683 1703 804 1765; x_wconf 79' lang='lat' dir='ltr'><strong>Quanto</strong></span> <span class='ocrx_word' id='word_1_100' title='bbox 816 1702 856 1765; x_wconf 78' lang='lat' dir='ltr'><strong>Q.</strong></span> <span class='ocrx_word' id='word_1_101' title='bbox 874 1708 904 1756; x_wconf 89' lang='lat'><strong>15</strong></span> 
     </span>
     <span class='ocr_line' id='line_1_17' title="bbox 77 1800 620 1879; baseline -0.004 -19"><span class='ocrx_word' id='word_1_102' title='bbox 77 1800 211 1864; x_wconf 79' lang='lat' dir='ltr'><strong>Maximus</strong></span> <span class='ocrx_word' id='word_1_103' title='bbox 228 1805 346 1864; x_wconf 88' lang='lat' dir='ltr'><strong>melius!</strong></span> <span class='ocrx_word' id='word_1_104' title='bbox 368 1804 475 1879; x_wconf 91' lang='lat' dir='ltr'><strong>dequo</strong></span> <span class='ocrx_word' id='word_1_105' title='bbox 490 1802 620 1860; x_wconf 89' lang='lat' dir='ltr'><strong>Ennius:</strong></span> 
     </span>
    </p>
   </div>
   <div class='ocr_carea' id='block_1_3' title="bbox 72 1932 814 2164">
    <p class='ocr_par' dir='ltr' id='par_1_3' title="bbox 72 1932 814 2164">
     <span class='ocr_line' id='line_1_18' title="bbox 114 1932 723 1986; baseline -0.011 0"><span class='ocrx_word' id='word_1_106' title='bbox 114 1936 207 1986; x_wconf 81' lang='lat' dir='ltr'><strong>“Unus</strong></span> <span class='ocrx_word' id='word_1_107' title='bbox 220 1937 295 1984; x_wconf 91' lang='lat' dir='ltr'><strong>homo</strong></span> <span class='ocrx_word' id='word_1_108' title='bbox 306 1935 377 1983; x_wconf 85' lang='lat' dir='ltr'><strong>nobis</strong></span> <span class='ocrx_word' id='word_1_109' title='bbox 388 1932 531 1982; x_wconf 79' lang='lat' dir='ltr'><strong>cunctando</strong></span> <span class='ocrx_word' id='word_1_110' title='bbox 542 1932 652 1980; x_wconf 84' lang='lat' dir='ltr'><strong>restituit</strong></span> <span class='ocrx_word' id='word_1_111' title='bbox 662 1949 723 1980; x_wconf 83' lang='lat' dir='ltr'><strong>rem.</strong></span> 
     </span>
     <span class='ocr_line' id='line_1_19' title="bbox 73 2014 710 2081; baseline -0.003 -14"><span class='ocrx_word' id='word_1_112' title='bbox 73 2040 75 2046; x_wconf 37' lang='lat'>⁸</span> <span class='ocrx_word' id='word_1_113' title='bbox 130 2017 190 2077; x_wconf 49' lang='lat' dir='ltr'><strong>,Non</strong></span> <span class='ocrx_word' id='word_1_114' title='bbox 201 2017 311 2081; x_wconf 84' lang='lat' dir='ltr'><strong>ponebat</strong></span> <span class='ocrx_word' id='word_1_115' title='bbox 321 2016 390 2063; x_wconf 85' lang='lat' dir='ltr'><strong>enim</strong></span> <span class='ocrx_word' id='word_1_116' title='bbox 400 2029 513 2063; x_wconf 81' lang='lat' dir='ltr'><strong>rumores</strong></span> <span class='ocrx_word' id='word_1_117' title='bbox 524 2020 583 2063; x_wconf 84' lang='lat' dir='ltr'><strong>ante</strong></span> <span class='ocrx_word' id='word_1_118' title='bbox 595 2014 710 2065; x_wconf 81' lang='lat' dir='ltr'><strong>salutem.</strong></span> 
     </span>
     <span class='ocr_line' id='line_1_20' title="bbox 72 2094 814 2164; baseline 0.001 -22"><span class='ocrx_word' id='word_1_119' title='bbox 72 2136 76 2142; x_wconf 93' lang='lat'>.</span> <span class='ocrx_word' id='word_1_120' title='bbox 135 2096 210 2164; x_wconf 82' lang='lat' dir='ltr'><strong>Ergo,</strong></span> <span class='ocrx_word' id='word_1_121' title='bbox 223 2104 330 2162; x_wconf 77' lang='lat' dir='ltr'><strong>postque</strong></span> <span class='ocrx_word' id='word_1_122' title='bbox 338 2095 468 2160; x_wconf 82' lang='lat' dir='ltr'><strong>magisque</strong></span> <span class='ocrx_word' id='word_1_123' title='bbox 475 2095 528 2152; x_wconf 69' lang='lat' dir='ltr'><strong>,viri</strong></span> <span class='ocrx_word' id='word_1_124' title='bbox 539 2110 608 2147; x_wconf 83' lang='lat' dir='ltr'><strong>nuno</strong></span> <span class='ocrx_word' id='word_1_125' title='bbox 619 2095 699 2159; x_wconf 85' lang='lat' dir='ltr'><strong>gloria</strong></span> <span class='ocrx_word' id='word_1_126' title='bbox 709 2094 814 2143; x_wconf 82' lang='lat' dir='ltr'><strong>oloret.&#39;&#39;</strong></span> 
     </span>
    </p>
   </div>
   <div class='ocr_carea' id='block_1_4' title="bbox 79 2212 904 2567">
    <p class='ocr_par' dir='ltr' id='par_1_4' title="bbox 79 2212 904 2567">
     <span class='ocr_line' id='line_1_21' title="bbox 79 2212 904 2296; baseline -0.005 -20"><span class='ocrx_word' id='word_1_127' title='bbox 79 2214 154 2276; x_wconf 71' lang='lat' dir='ltr'><strong>Quod</strong></span> <span class='ocrx_word' id='word_1_128' title='bbox 183 2235 277 2296; x_wconf 86' lang='lat' dir='ltr'><strong>genus</strong></span> <span class='ocrx_word' id='word_1_129' title='bbox 306 2213 450 2291; x_wconf 86' lang='lat' dir='ltr'><strong>peooandi</strong></span> <span class='ocrx_word' id='word_1_130' title='bbox 477 2213 626 2273; x_wconf 87' lang='lat' dir='ltr'><strong>vitandum</strong></span> <span class='ocrx_word' id='word_1_131' title='bbox 652 2223 696 2270; x_wconf 85' lang='lat' dir='ltr'><strong>est</strong></span> <span class='ocrx_word' id='word_1_132' title='bbox 719 2214 806 2270; x_wconf 87' lang='lat' dir='ltr'><strong>etiam</strong></span> <span class='ocrx_word' id='word_1_133' title='bbox 828 2212 857 2270; x_wconf 91' lang='lat' dir='ltr'><strong>in</strong></span> <span class='ocrx_word' id='word_1_134' title='bbox 872 2221 904 2272; x_wconf 63' lang='grc' dir='ltr'><strong>ΞΟ</strong></span> 
     </span>
     <span class='ocr_line' id='line_1_22' title="bbox 79 2309 859 2386; baseline -0.004 -18"><span class='ocrx_word' id='word_1_135' title='bbox 79 2313 153 2370; x_wconf 84' lang='lat' dir='ltr'><strong>rebus</strong></span> <span class='ocrx_word' id='word_1_136' title='bbox 171 2314 300 2373; x_wconf 88' lang='lat' dir='ltr'><strong>urbanis.</strong></span> <span class='ocrx_word' id='word_1_137' title='bbox 343 2313 418 2369; x_wconf 84' lang='lat' dir='ltr'><strong>Sunt</strong></span> <span class='ocrx_word' id='word_1_138' title='bbox 439 2310 528 2382; x_wconf 87' lang='lat' dir='ltr'><strong>enim,</strong></span> <span class='ocrx_word' id='word_1_139' title='bbox 543 2310 602 2385; x_wconf 91' lang='lat' dir='ltr'><strong>qui,</strong></span> <span class='ocrx_word' id='word_1_140' title='bbox 622 2309 698 2386; x_wconf 91' lang='lat' dir='ltr'><strong>quod</strong></span> <span class='ocrx_word' id='word_1_141' title='bbox 719 2310 859 2380; x_wconf 74' lang='lat' dir='ltr'><strong>sentiunt,</strong></span> 
     </span>
     <span class='ocr_line' id='line_1_23' title="bbox 81 2407 860 2488; baseline -0.004 -23"><span class='ocrx_word' id='word_1_142' title='bbox 81 2410 125 2467; x_wconf 85' lang='lat' dir='ltr'><strong>etsi</strong></span> <span class='ocrx_word' id='word_1_143' title='bbox 142 2413 283 2488; x_wconf 90' lang='lat' dir='ltr'><strong>optimum</strong></span> <span class='ocrx_word' id='word_1_144' title='bbox 306 2409 352 2481; x_wconf 85' lang='lat' dir='ltr'><strong>sit,</strong></span> <span class='ocrx_word' id='word_1_145' title='bbox 376 2419 473 2466; x_wconf 87' lang='lat' dir='ltr'><strong>tamen</strong></span> <span class='ocrx_word' id='word_1_146' title='bbox 495 2407 610 2465; x_wconf 79' lang='lat' dir='ltr'><strong>invidiae</strong></span> <span class='ocrx_word' id='word_1_147' title='bbox 631 2418 715 2468; x_wconf 69' lang='lat' dir='ltr'><strong>metu¹</strong></span> <span class='ocrx_word' id='word_1_148' title='bbox 730 2425 789 2465; x_wconf 88' lang='lat' dir='ltr'><strong>non</strong></span> <span class='ocrx_word' id='word_1_149' title='bbox 812 2425 860 2463; x_wconf 87' lang='lat' dir='ltr'><strong>au·</strong></span> 
     </span>
     <span class='ocr_line' id='line_1_24' title="bbox 81 2505 275 2567; baseline 0.015 -6"><span class='ocrx_word' id='word_1_150' title='bbox 81 2505 275 2567; x_wconf 79' lang='lat' dir='ltr'><strong>deantdioere.</strong></span> 
     </span>
    </p>
   </div>
   <div class='ocr_carea' id='block_1_5' title="bbox 84 2658 904 3031">
    <p class='ocr_par' dir='ltr' id='par_1_5' title="bbox 84 2658 904 2934">
     <span class='ocr_line' id='line_1_25' title="bbox 113 2658 858 2741; baseline -0.007 -18"><span class='ocrx_word' id='word_1_151' title='bbox 113 2664 204 2727; x_wconf 85' lang='lat' dir='ltr'>XXV.</span> <span class='ocrx_word' id='word_1_152' title='bbox 227 2665 367 2737; x_wconf 91' lang='lat' dir='ltr'><strong>Omnino,</strong></span> <span class='ocrx_word' id='word_1_153' title='bbox 382 2664 431 2741; x_wconf 90' lang='lat' dir='ltr'><strong>qui</strong></span> <span class='ocrx_word' id='word_1_154' title='bbox 443 2658 611 2740; x_wconf 68' lang='lat' dir='ltr'><strong>reipublicae</strong></span> <span class='ocrx_word' id='word_1_155' title='bbox 622 2662 770 2739; x_wconf 69' lang='lat' dir='ltr'><strong>praefuturi</strong></span> <span class='ocrx_word' id='word_1_156' title='bbox 781 2672 858 2734; x_wconf 86' lang='lat' dir='ltr'><strong>sunt,</strong></span> 
     </span>
     <span class='ocr_line' id='line_1_26' title="bbox 84 2758 904 2839; baseline -0.001 -22"><span class='ocrx_word' id='word_1_157' title='bbox 84 2758 130 2818; x_wconf 83' lang='lat' dir='ltr'><strong>luo</strong></span> <span class='ocrx_word' id='word_1_158' title='bbox 147 2764 276 2823; x_wconf 86' lang='lat' dir='ltr'><strong>Platonis</strong></span> <span class='ocrx_word' id='word_1_159' title='bbox 293 2762 438 2839; x_wconf 72' lang='lat' dir='ltr'><strong>praeoep&#39;ta</strong></span> <span class='ocrx_word' id='word_1_160' title='bbox 455 2770 590 2831; x_wconf 82' lang='lat' dir='ltr'><strong>teneant3</strong></span> <span class='ocrx_word' id='word_1_161' title='bbox 615 2779 715 2832; x_wconf 92' lang='lat' dir='ltr'><strong>unum,</strong></span> <span class='ocrx_word' id='word_1_162' title='bbox 736 2770 767 2817; x_wconf 91' lang='lat' dir='ltr'><strong>ut</strong></span> <span class='ocrx_word' id='word_1_163' title='bbox 784 2760 860 2817; x_wconf 92' lang='lat' dir='ltr'><strong>utili·</strong></span> <span class='ocrx_word' id='word_1_164' title='bbox 872 2766 904 2815; x_wconf 64' lang='lat'><strong>25</strong></span> 
     </span>
     <span class='ocr_line' id='line_1_27' title="bbox 85 2861 857 2934; baseline -0.001 -20"><span class='ocrx_word' id='word_1_165' title='bbox 85 2864 157 2919; x_wconf 82' lang='lat' dir='ltr'><strong>tatem</strong></span> <span class='ocrx_word' id='word_1_166' title='bbox 170 2862 277 2921; x_wconf 88' lang='lat' dir='ltr'><strong>oivium</strong></span> <span class='ocrx_word' id='word_1_167' title='bbox 293 2861 335 2919; x_wconf 83' lang='lat' dir='ltr'><strong>sio</strong></span> <span class='ocrx_word' id='word_1_168' title='bbox 349 2869 494 2931; x_wconf 86' lang='lat' dir='ltr'><strong>tueantur,</strong></span> <span class='ocrx_word' id='word_1_169' title='bbox 509 2869 551 2931; x_wconf 90' lang='lat' dir='ltr'><strong>ut,</strong></span> <span class='ocrx_word' id='word_1_170' title='bbox 563 2877 744 2934; x_wconf 72' lang='lat' dir='ltr'><strong>quaeeunque</strong></span> <span class='ocrx_word' id='word_1_171' title='bbox 758 2868 857 2934; x_wconf 85' lang='lat' dir='ltr'><strong>agunt,</strong></span> 
     </span>
    </p>

    <p class='ocr_par' dir='ltr' id='par_1_6' title="bbox 87 2953 857 3031">
     <span class='ocr_line' id='line_1_28' title="bbox 87 2953 857 3031; baseline -0.006 -16"><span class='ocrx_word' id='word_1_172' title='bbox 87 2953 115 3010; x_wconf 65' lang='lat' dir='ltr'><strong>ol</strong></span> <span class='ocrx_word' id='word_1_173' title='bbox 133 2977 191 3018; x_wconf 86' lang='lat' dir='ltr'><strong>eam</strong></span> <span class='ocrx_word' id='word_1_174' title='bbox 212 2959 348 3031; x_wconf 86' lang='lat' dir='ltr'><strong>referant,</strong></span> <span class='ocrx_word' id='word_1_175' title='bbox 373 2957 455 3015; x_wconf 91' lang='lat' dir='ltr'><strong>obliti</strong></span> <span class='ocrx_word' id='word_1_176' title='bbox 483 2956 699 3016; x_wconf 86' lang='lat' dir='ltr'><strong>commodorum</strong></span> <span class='ocrx_word' id='word_1_177' title='bbox 724 2973 857 3021; x_wconf 84' lang='lat' dir='ltr'><strong>suorum;</strong></span> 
     </span>
    </p>
   </div>
   <div class='ocr_carea' id='block_1_6' title="bbox 262 3056 282 3114">
    <p class='ocr_par' dir='ltr' id='par_1_7' title="bbox 262 3056 282 3114">
     <span class='ocr_line' id='line_1_29' title="bbox 262 3056 282 3114; baseline 0 0"><span class='ocrx_word' id='word_1_178' title='bbox 262 3056 282 3114; x_wconf 81' lang='lat'><strong>5</strong></span> 
     </span>
    </p>
   </div>
   <div class='ocr_carea' id='block_1_7' title="bbox 0 0 1104 3492">
    <p class='ocr_par' dir='ltr' id='par_1_8' title="bbox 0 0 1104 3492">
     <span class='ocr_line' id='line_1_30' title="bbox 0 0 1104 3492; baseline 0 0"><span class='ocrx_word' id='word_1_179' title='bbox 0 0 1104 3492; x_wconf 95' lang='lat' dir='ltr'><strong> </strong></span> 
     </span>
    </p>
   </div>
  </div>
 </body>
</html>
