2200 3492
152 244 154 249 ,
180 181 236 239 166
511 191 554 238 ur:
577 191 722 237 orrrcrrs.
876 158 879 167 ’
918 187 1006 249 [nin.

222 340 327 413 oeiare,
350 341 427 401 aliud
452 352 566 405 tacere:
594 361 689 418 neque
709 361 765 420 ego
785 360 864 399 nuuc
884 352 914 398 te
935 340 1007 411 celo,

223 436 247 493 si
267 438 319 494 tibi
339 457 398 496 nou
419 439 496 510 dico,
511 459 575 515 quae
591 451 694 498 natura
707 439 833 497 Deorum
848 438 895 510 sit,
910 438 960 514 qui
973 437 1009 494 sit

223 532 288 589 finis
302 534 458 605 bonorum3
481 555 544 611 quie
559 537 611 594 tibi
625 536 688 613 pius
701 535 870 612 prodessent
883 533 1009 611 cognita,

223 648 307 703 quarn
322 631 411 688 tritici
426 632 534 690 vilitas:
556 633 606 689 sed
627 652 696 705 nou,
711 631 916 708 quidquidtibi
933 629 1010 688 audi·

193 733 255 782 5re
268 726 338 783 utile
356 737 409 799 est,
419 728 454 784 r’d
474 729 546 786 inihi
567 730 663 787 dicere
683 748 802 786 necesse
822 739 873 785 est.
916 727 1010 784 Immo

224 842 290 880 vero
311 823 436 901 (inquiet
456 825 517 904 iile)
539 845 659 884 necesse
677 837 730 898 est,
744 826 769 883 si
782 826 897 902 quidem
912 823 1011 880 memi-

223 918 302 990 nisti,
330 939 393 977 esse
420 920 494 979 iuter
523 921 655 978 homines
687 922 790 978 naturai
825 918 1011 996 conjunctam

223 1017 402 1074 societatem.
443 1016 577 1089 Memini,
592 1018 702 1093 inquiet
722 1017 787 1074 ilie:
808 1018 859 1073 sed
872 1035 942 1073 num
956 1016 1013 1073 ista

223 1112 345 1170 societas
372 1113 436 1170 tatis
463 1122 516 1184 est,
538 1123 570 1170 ut
589 1113 660 1170 nihii
685 1132 768 1173 suurn
791 1112 930 1188 cujusque
954 1111 1012 1168 sit?

180 1215 209 1264 to
223 1209 297 1289 quod
312 1208 337 1264 si
351 1190 458 1280 inest,
473 1226 512 1264 ne
525 1208 705 1267 vendendum
726 1208 840 1284 quidem
855 1208 1012 1283 quidquam

224 1314 276 1376 est,
291 1305 342 1361 sed
356 1304 530 1361 donandum.

263 1495 349 1555 XIII.
371 1496 471 1568 Vides,
492 1498 522 1557 iu
543 1497 599 1555 hac
625 1497 686 1554 toti
713 1496 931 1572 disceptatione,
953 1515 1013 1554 non

225 1594 295 1651 illud
316 1593 385 1666 dici,
402 1592 547 1656 Quamvis
571 1593 628 1651 hoc
646 1605 733 1668 turpe
749 1593 795 1664 sit,
816 1604 923 1664 tamen,
944 1608 1016 1669 quo-

225 1690 303 1748 niam
323 1690 447 1767 expedit,
463 1683 584 1759 iaciam3
606 1690 711 1749 sedita
723 1689 868 1765 expedire,
883 1699 914 1747 ut
929 1698 1015 1765 turpe

181 1801 211 1850 15
225 1804 284 1843 non
299 1785 353 1843 sit:
372 1803 410 1841 ex
424 1785 514 1843 alteria
528 1796 625 1843 autem
638 1795 729 1863 parte,
744 1786 780 1842 et
793 1804 835 1857 re,
849 1785 916 1869 quia
929 1796 1015 1860 turpe

225 1881 271 1952 sit,
292 1898 351 1937 non
372 1899 435 1937 esse
455 1881 629 1940 faciendum.
670 1882 785 1943 Vendat
805 1883 882 1939 aedes
901 1881 943 1938 vir
964 1883 1017 1938 bo-

225 1995 279 2034 nus
298 1986 413 2052 propter
435 1976 530 2052 aliqua
550 1977 628 2049 vitia,
649 1996 711 2053 quae
733 1979 793 2053 ipse
813 1976 900 2048 ndrit,
915 1978 1016 2035 caeteri

189 2056 195 2069 ⁸
226 2072 376 2149 ignorent:
409 2073 583 2149 pestilentes
603 2072 670 2146 sint,
698 2085 727 2131 et
753 2073 912 2130 habeantur
940 2074 1017 2131 saiu-

226 2170 308 2227 bres:
328 2169 487 2246 ignoretur,
508 2171 538 2231 in
559 2170 693 2229 omnibus
713 2170 856 2228 cubiculis
877 2189 1016 2246 apparere

181 2274 212 2322 20
227 2276 388 2341 serpentes;
416 2266 491 2323 male
517 2267 683 2338 materiatae,
704 2266 845 2324 ruinose:
872 2267 923 2323 sed
946 2267 1015 2338 hoc,

225 2371 328 2438 preter
349 2362 507 2434 dominum,
528 2350 615 2420 nemo
635 2362 715 2421 sciat.
769 2354 892 2434 Quaero,
911 2363 936 2420 si
957 2361 1016 2419 hoc

226 2457 403 2534 emptoribus
423 2458 553 2516 venditor
580 2478 638 2516 non
660 2459 772 2531 dixerit,
795 2458 926 2533 aedesque
947 2477 1017 2516 ven-

227 2553 332 2611 diderit
352 2554 440 2630 pluiis
460 2555 561 2627 multo,
576 2575 660 2630 quarn
681 2575 712 2613 se
732 2556 914 2615 venditurum
931 2556 1017 2630 puti-

227 2649 273 2719 rit,
289 2669 357 2709 nuru
372 2650 402 2708 id
416 2651 521 2728 injuste
535 2671 571 2709 an
586 2652 715 2728 improbe
729 2653 850 2710 feeerit?

182 2755 233 2817 st
267 2743 321 2803 Ille
342 2765 419 2819 vero,
440 2748 533 2821 in'quit
553 2747 714 2825 Antipater.
767 2748 850 2810 Quid
872 2748 950 2805 enirn
971 2758 1016 2805 est

229 2841 316 2914 aliud,
331 2842 437 2898 erranti
452 2843 526 2899 viam
541 2862 599 2901 uon
613 2855 769 2903 monstrare
785 2844 876 2922 (quod
890 2844 1015 2901 Athenis

228 2937 472 2997 exsecrationibus
497 2939 623 3015 publicis
650 2941 792 2998 sancitum
816 2942 884 3020 est),
906 2939 930 3001 si
957 2940 1015 2997 hoc
