2200 3492
94 209 159 269 aa]
393 213 437 261 nn
456 212 603 261 osricus.
774 196 778 209 ’
891 201 932 260 w

95 364 233 422 conditio
244 374 275 421 et
295 363 410 423 senuna
422 382 589 423 serrorum:
610 363 795 440 quibusdan
810 363 886 421 male

93 461 274 539 precipiunt,
295 460 344 536 qui
372 460 414 523 ita
433 460 537 537 jubent
557 460 610 533 uti,
631 470 662 517 ut
682 460 883 530 mercenariis3

23 616 25 629 ,
93 574 205 633 operam
221 557 405 634 exigendam,
417 558 495 634 justa
508 558 670 634 praebenda.

130 654 207 711 Cum
231 667 328 712 autem
350 655 462 712 duobus
482 654 584 725 modis,
604 653 633 713 id
656 664 709 725 est,
724 665 773 712 aut
788 654 815 712 oi
836 661 884 712 aut

94 750 201 822 lraude,
224 751 274 808 liat
298 750 423 828 injuria;
445 750 532 822 frans,
553 750 636 827 quasi
650 750 817 828 vulpecula,
831 750 915 824 vieo

22 888 23 913 2
92 846 181 904 leonis
196 847 329 904 videtur:
349 857 504 923 utrumque
521 847 638 905 homine
659 847 884 907 alienissimum:

92 944 140 1001 sed
154 944 234 1001 fraus
247 943 316 1000 odio
337 943 426 1021 digna
445 944 561 1022 majore.
602 943 709 1003 Totius
730 954 825 1003 autem
842 944 885 1002 in·

88 1040 205 1116 justitiae
229 1039 310 1098 nulla
335 1040 485 1118 capitalior
506 1051 561 1112 est,
580 1060 666 1117 quarn
689 1059 800 1112 eorum,
824 1041 883 1117 qui,

91 1155 155 1194 com
178 1138 304 1195 maxime
327 1137 439 1209 fallunt¹
455 1138 483 1194 id
505 1148 596 1214 ¹agunt
614 1147 647 1195 ut
661 1137 712 1195 riri
731 1137 799 1197 boni
820 1156 884 1195 essa

90 1232 249 1292 rideantur.
292 1233 339 1291 De
350 1233 462 1310 justitiis
476 1234 546 1292 satis
559 1234 669 1294 dictum
684 1245 736 1292 est.
899 1246 929 1299 10

20 1426 21 1513 ζ
126 1424 212 1483 XIV.
236 1425 385 1501 Deinceps
400 1425 446 1504 (ut
464 1435 526 1484 erat
538 1425 732 1505 propositum)
747 1425 784 1482 de
798 1427 883 1484 bene·

20 1526 21 1557 ³
87 1521 207 1580 licentia
221 1540 257 1580 ao
271 1521 443 1581 liberalitate
458 1522 588 1591 dicatur;
609 1522 667 1597 qui
680 1521 796 1596 quidem
810 1521 881 1579 nihil

86 1627 131 1675 est
150 1626 263 1675 nature
286 1617 411 1676 hominis
433 1617 700 1675 accommodatius:
722 1615 773 1673 sed
796 1616 884 1674 habet

86 1714 193 1772 multas
212 1714 373 1772 cautiones.
415 1713 584 1772 Videndum
598 1722 642 1772 est
656 1711 734 1771 enim
747 1712 881 1789 primum,

86 1829 124 1869 ne
145 1811 223 1869 obsit
245 1810 412 1887 benignitas
433 1820 463 1873 et
483 1809 519 1869 iis
538 1810 609 1886 ipsis
630 1811 734 1886 quibus
756 1810 881 1887 benigne
897 1822 928 1871 15

87 1907 230 1965 ridebitur
249 1907 321 1985 lieri,¹
336 1917 365 1964 et
386 1905 515 1978 caeteris3
536 1906 652 1981 deinde,
666 1925 704 1964 ne
724 1908 814 1983 major
834 1907 882 1964 be·

86 2003 214 2081 nignitas
234 2003 283 2075 sit,
304 1995 390 2079 q'usun
412 2003 582 2073 facultates3
604 2013 676 2075 turn,
697 2013 730 2060 ut
749 2023 801 2079 pro
820 2003 882 2081 dig·

87 2099 176 2157 nitate
204 2099 311 2175 cuique
338 2099 489 2157 tribuatur.
530 2097 566 2157 Id
593 2099 671 2156 enirn
695 2112 739 2156 est
762 2098 881 2176 justitie

87 2194 317 2266 fundamentum,
334 2194 370 2252 ad
390 2213 475 2270 quam
496 2195 559 2253 haec
577 2194 729 2252 reserenda
742 2205 809 2252 sunt
822 2213 881 2265 om·

87 2290 142 2348 nia
185 2290 265 2348 Nam
289 2301 319 2348 et
342 2290 391 2366 qui
415 2290 615 2367 gratificantur
642 2290 779 2366 cuipiam,
803 2290 880 2366 quod
895 2301 927 2350 2⁰
958 2330 960 2333 -

87 2388 163 2445 obsit
183 2386 227 2445 illi
241 2387 290 2444 cai
308 2388 444 2463 prodesse
457 2386 531 2444 velle
545 2387 707 2458 videantur,
721 2405 781 2444 non
796 2387 881 2444 bene·

87 2482 134 2541 fici
155 2502 250 2559 neque
269 2482 414 2555 liberales,
429 2484 480 2540 sed
499 2483 657 2560 perniciosi
678 2494 879 2555 assentatores,

85 2579 235 2655 judicandi
256 2591 339 2637 sunt:
360 2590 402 2652 et,
420 2580 469 2655 qui
490 2579 553 2638 aliis
573 2589 691 2651 nocent,
706 2589 738 2636 ut
758 2579 787 2637 in
810 2579 880 2636 alios

88 2675 220 2735 liberales
239 2675 307 2749 sint,
323 2677 353 2734 in
374 2676 477 2734 eddom
497 2687 565 2734 sunt
585 2676 736 2753 injustitiis,
752 2687 783 2734 ut
803 2677 828 2733 si
849 2676 879 2735 in

89 2790 167 2830 suam
181 2792 243 2831 rem
258 2773 353 2831 aliena
367 2783 543 2833 convertant.
893 2781 924 2831 25

126 2868 202 2926 Sunt
216 2879 312 2927 autera
326 2868 422 2942 multi,
434 2880 464 2928 et
476 2870 594 2946 quidem
607 2869 706 2946 cupidi
719 2868 878 2945 splendoris

92 2974 119 3021 et
130 2966 238 3043 glorie,
252 2967 301 3043 qui
315 2966 441 3044 eripiunt
451 2967 526 3039 aliis,
537 2968 613 3042 quod
624 2967 688 3025 aliis
700 2966 876 3044 largiantur:

282 3063 330 3122 30
