2200 3492
157 192 215 253 196
490 198 534 246 us
556 198 701 248 osricus.
897 195 990 257 [um

202 349 375 425 senatirsque
407 348 553 406 ieoeraut:
588 347 746 421 eodemque
778 354 909 421 tempore
942 344 992 404 Ti.

203 445 368 518 Numicius,
390 445 432 507 Q.
456 444 583 516 Maelius,
606 444 656 520 qui
682 453 744 502 tum
767 442 875 503 tribuni
898 442 994 518 plebis

203 553 295 615 erant,
318 543 395 618 quod
421 561 521 602 eorum
546 541 717 602 auctoritate
739 559 796 617 pax
819 548 883 606 erat¹
905 538 993 609 faeta,

203 638 293 696 dediti
319 647 396 709 suut,
423 648 456 695 ut
481 656 540 714 pax
575 636 749 696 Samnitium
782 634 991 712 repudiaretur.

171 736 300 811 5Atque
333 735 418 811 hujus
451 734 608 794 deditionis
640 733 702 811 ipse
730 732 910 812 Postumius,
944 732 993 806 qui

203 832 370 904 dedebatur,
393 839 493 889 suasor
516 840 547 891 et
571 839 671 889 auotor
698 829 768 892 fuit:
802 829 878 905 quod
906 827 992 898 idem,

203 928 300 988 multis
314 928 398 986 anuis
410 937 484 1004 post,
499 926 533 986 C.
548 926 721 997 Mancinum
743 925 803 1001 qui,
816 936 849 983 ut
862 924 893 982 N
895 944 995 984 uman-

204 1025 282 1097 tinis,
297 1025 469 1100 quibuscum
489 1024 551 1082 siue
572 1023 689 1086 seustirs
710 1022 879 1088 auctoritate
900 1021 994 1079 fredus

204 1121 323 1192 seeerat,
337 1121 499 1192 dederetur,
514 1119 695 1197 rogationem
714 1119 805 1177 suasit
818 1138 892 1202 eam,
907 1136 994 1195 quam

158 1223 188 1277 m
203 1216 238 1275 L
254 1217 359 1275 Furius
372 1228 402 1275 et
415 1218 445 1274 S.
460 1216 569 1276 Atilius
586 1236 624 1275 ex
640 1216 902 1276 senatusconsulto
923 1217 995 1275 fero·

204 1315 290 1373 bant:
318 1314 375 1389 qud
395 1314 525 1389 aeceptd,
546 1323 590 1372 est
610 1314 740 1372 hostibus
761 1313 883 1380 deditus.
934 1313 995 1373 Ho-

194 1411 314 1469 sestius
339 1410 399 1483 hio,
419 1429 503 1487 quam
523 1400 571 1473 Q(
586 1410 751 1486 Pompeius,
772 1429 829 1486 quo
857 1409 939 1487 (oum
964 1411 993 1470 iu

204 1507 308 1565 eddam
328 1506 417 1565 sauss
437 1507 525 1586 esset)
543 1505 727 1581 deprecante,
742 1515 862 1582 accepta
874 1506 921 1564 lex
934 1524 993 1565 uou
1087 1587 1088 1592 ἵ

204 1614 256 1661 est.
298 1602 359 1661 Hie
372 1622 417 1675 ea,
431 1623 493 1679 quae
509 1601 657 1660 videbatur
677 1602 796 1674 utilitas,
809 1602 875 1678 pius
894 1602 993 1674 valuit,
1087 1605 1088 1624 ¹

158 1702 189 1753 15
205 1719 290 1776 quam
311 1693 462 1760 honestas:
491 1699 566 1775 apud
586 1697 759 1775 superiores,
780 1697 913 1757 utilitatis
933 1718 995 1776 spe·

205 1797 266 1854 cies
286 1795 358 1854 salsa
378 1797 414 1856 ab
433 1795 593 1854 honestatis
611 1796 780 1856 auctoritate
792 1806 928 1871 superata
940 1806 1010 1859 est..

229 1891 285 1974 *At
304 1910 362 1950 non
383 1890 482 1947 debuit
501 1901 594 1948 ratum
623 1909 696 1963 esse,
717 1892 792 1966 quod
814 1902 876 1958 erat
896 1901 994 1952 aetum

203 2007 253 2065 per
274 1986 340 2048 virm
381 1986 477 2050 Quasi
496 2006 565 2044 aero
587 1986 653 2047 forti
667 1988 729 2046 viro
742 1987 785 2048 vis
803 1989 894 2070 possit
916 1989 995 2048 adhi-

206 2083 275 2142 beri.
329 2083 390 2142 Cur
416 2083 503 2161 igitur
528 2084 563 2141 ad
588 2094 719 2142 senatum
744 2084 994 2160 proficiscebatur,
1085 2097 1086 2134 l

157 2187 189 2237 w
203 2198 272 2239 uum
298 2181 455 2258 praesertim
481 2182 518 2238 de
542 2180 663 2258 captivis
684 2182 871 2240 ⁴dissuasurus
897 2185 996 2244 essert

203 2278 294 2344 Quod
327 2279 482 2337 maximum
517 2278 547 2336 iu
576 2296 611 2336 eo
627 2288 691 2350 est,
718 2278 747 2336 id
775 2279 994 2354 reprehenditis.
1084 2337 1085 2352 ,

204 2374 275 2434 Non
311 2375 388 2433 enim
425 2393 478 2433 suo
511 2373 623 2450 judicio
659 2374 748 2447 stetit,
782 2375 832 2432 sed
866 2377 1015 2452 suscepit·

206 2490 333 2542 eausam,
348 2481 380 2528 ut
392 2481 468 2529 esset
484 2470 626 2548 judicium
645 2470 777 2541 seuatds3
799 2471 847 2527 oui
862 2471 918 2528 nisi
932 2472 996 2547 ipse

207 2578 307 2624 auctor
334 2567 444 2638 suisset,
472 2565 577 2642 captivi
603 2567 734 2642 profesto
765 2565 862 2636 Poeuis
889 2567 996 2626 redditi

158 2668 190 2718 25
206 2649 309 2724 esseut
356 2661 402 2720 Ita
422 2661 576 2721 incolumis
596 2662 627 2720 iu
646 2662 740 2752 patris
759 2661 893 2739 Regulus
913 2645 996 2724 resti·

205 2760 303 2818 tisset.
330 2759 409 2834 quod
428 2758 497 2835 quia
521 2758 622 2834 patris
644 2778 702 2817 non
722 2759 793 2817 utile
812 2760 931 2835 putavit,
953 2759 996 2818 id·

206 2857 287 2914 oiroo
307 2853 362 2914 sibi
383 2854 535 2912 honestum
549 2864 579 2912 et
592 2856 700 2914 sentire
719 2856 778 2928 illa,
793 2866 822 2914 et
841 2857 911 2932 pati,
932 2875 992 2916 cre·

206 2952 288 3016 didit,
338 2950 426 3024 Nam,
446 2951 523 3029 quod
545 2951 635 3026 aiunt,
656 2953 732 3029 quod
753 2952 835 3012 ratde
854 2952 926 3014 utils
944 2952 995 3030 sit,
