2200 3492
159 219 215 280 roz
485 228 533 276 un
550 223 701 275 curicus.
900 223 940 285 [n.
951 224 993 270 1n.

240 378 366 453 Drinio,
390 379 439 455 qni
467 379 589 438 alterum
616 378 713 451 violat,
734 387 767 436 ut
795 377 856 454 ipse
884 374 993 451 aliquid

201 477 347 536 commodi
381 487 584 553 consequntur,
615 478 664 533 ‹iut
689 474 762 533 nihil
790 492 821 531 se
848 473 993 531 existimat

200 583 301 632 contra
327 583 459 633 naturam
486 573 593 645 facere,
622 581 672 630 aut
697 570 790 648 magis
824 569 992 648 fugiendam

200 680 299 728 oenset
320 680 451 741 mortem,
472 677 680 746 paupertatem,
702 664 842 737 dolorem,
864 665 993 724 amissio-

170 775 187 823 5
200 786 268 825 nem
281 767 367 827 etiarn
386 766 554 838 liberorum,
568 764 805 842 propinquorum,
821 763 991 835 amicorum,
1037 789 1062 861 ι

200 883 286 939 quam
305 863 403 922 faoere
424 862 551 939 cuipiam
572 861 714 939 injuriam.
756 859 788 918 si
802 859 875 918 nihil
897 858 992 916 existit

200 970 259 1018 mrt
280 971 383 1019 contra
403 971 535 1018 naturam
562 958 624 1017 fieri
651 957 818 1017 hominibus
839 956 991 1027 violandis,

200 1057 270 1133 quid
298 1076 365 1116 oum
392 1076 427 1114 eo
455 1056 590 1132 disseras,
621 1055 671 1133 qui
698 1054 818 1114 omnino
844 1050 992 1112 hominem

200 1173 237 1211 ex
257 1154 374 1211 homine
394 1154 496 1212 tollant
550 1153 603 1210 Sin
631 1152 800 1230 fugiendum
821 1151 851 1210 id
875 1151 992 1227 quidem

159 1259 188 1308 tu
201 1260 310 1320 censet,
325 1251 376 1313 sed
390 1259 419 1306 et
433 1249 524 1309 multo
537 1248 589 1306 illa
602 1249 711 1326 pejora,
725 1258 859 1320 mortem,
873 1266 992 1324 pauper·

200 1356 299 1418 tatem,
320 1345 466 1416 doloremt
493 1355 569 1403 errat
596 1345 627 1403 in
654 1364 700 1417 eo,
721 1346 799 1421 quod
826 1345 916 1403 ullum
944 1353 992 1402 aut
1035 1389 1037 1392 >

201 1442 331 1519 corporis
352 1452 401 1503 aut
421 1443 541 1501 fortunae
562 1442 663 1523 vitium
678 1442 767 1504 animi
780 1441 857 1500 vitiis
877 1442 995 1519 gravius

201 1540 352 1599 existimat.

240 1734 293 1793 VI.
316 1735 397 1813 Ergo
417 1755 506 1794 unum
526 1736 615 1794 debet
634 1754 698 1793 esse
719 1735 853 1793 omnibus
867 1753 981 1811 proposr

157 1839 187 1887 15
200 1841 272 1903 tum,
287 1843 319 1890 ut
339 1833 440 1889 eadem
461 1832 498 1890 sit
520 1833 627 1890 utilitas
648 1831 873 1909 uniuscujusque
887 1844 917 1889 et
931 1831 982 1889 uni

105 1939 108 1943 ’
200 1947 364 1999 versorum3
386 1947 471 2004 quam
493 1928 517 1986 si
539 1929 575 1986 ad
589 1948 621 1989 se
634 1929 754 2005 quisque
774 1928 876 2004 rapiat,
891 1927 993 1985 dissoi·

201 2034 282 2082 vetur
297 2024 391 2083 omnis
404 2025 530 2107 hnmana
544 2025 701 2083 consortio.
743 2022 850 2102 Atque,
865 2024 890 2081 si
904 2024 992 2082 etiam

202 2121 259 2178 hoo
272 2131 376 2179 natura
394 2123 566 2199 praesoribit,
581 2132 613 2181 ut
626 2124 714 2181 homo
727 2122 848 2193 homini,
863 2122 982 2198 quinum

97 2252 104 2263 ι
202 2202 257 2294 que
271 2219 318 2291 sit,
333 2219 371 2276 ob
384 2238 449 2277 eam
463 2219 553 2295 ipram
571 2239 699 2291 oausam,
712 2218 789 2295 quod
804 2219 829 2276 is
843 2218 930 2275 homo
944 2219 992 2290 sit,

154 2330 186 2380 20
201 2315 362 2375 consultum
376 2316 460 2387 velit3
481 2335 602 2373 necesse
620 2325 674 2387 est,
689 2314 848 2373 secundum
870 2314 991 2372 eandem

199 2406 341 2484 nntu'ram,
356 2413 498 2489 ,omnium
526 2411 679 2470 utilitatem
706 2431 769 2470 esse
799 2430 981 2473 communem

199 2508 289 2570 Quod
303 2508 328 2566 si
342 2509 383 2566 ita
396 2520 449 2581 est,
461 2510 519 2567 unii
534 2510 717 2567 continemur
731 2528 832 2566 omnes
846 2519 875 2566 et
888 2508 992 2566 eidem

201 2603 266 2681 lege
279 2615 406 2663 naturae:
428 2606 514 2680 idque
528 2606 622 2682 ipsum
636 2606 661 2671 si
675 2607 716 2663 ita
729 2616 782 2678 est,
794 2616 873 2664 oerte
884 2606 992 2664 violare

202 2702 322 2758 aiterum
336 2702 401 2779 lege
415 2696 524 2760 na'tnrae
537 2702 731 2779 prohibemur.
772 2704 882 2761 Verum
895 2712 992 2761 autem

154 2800 186 2849 25
200 2797 341 2872 primum:
362 2817 460 2855 verum
476 2799 564 2875 igitur
578 2809 608 2856 et
620 2810 789 2857 extremum.
830 2798 909 2858 Nam
920 2799 992 2857 illud

200 2893 315 2970 quidem
338 2895 491 2953 absurdum
512 2906 566 2968 ent,
581 2898 658 2973 quod
679 2896 793 2972 quidam
815 2897 927 2968 dicunt,
942 2915 993 2973 pn·

201 2990 276 3049 renti
289 3011 320 3049 se
335 3003 384 3050 aut
398 2991 477 3050 fratri
491 2992 563 3050 nihil
578 2994 768 3066 detracturos,
784 2993 931 3067 commodi
945 2992 991 3052 sui
