2200 3492
161 220 201 279 54
499 226 543 274 na
563 217 708 273 ornans.
930 223 993 285 [nr

210 391 268 438 tern
282 378 351 436 lieet
364 372 528 454 magnifiee,
542 373 677 452 graviter,
692 371 877 446 animoseque
892 370 999 446 rivere,

211 488 296 552 atque
316 475 403 533 etiam
424 473 602 550 simpliciter,
618 470 751 542 fideliter,
764 469 886 544 vitaeque
907 470 1001 528 homi·

210 590 279 632 num
294 590 394 630 amroe.

248 762 378 824 XXVII.
401 765 547 840 Sequitur,
562 774 595 821 ut
608 764 645 821 de
657 763 717 821 una
730 763 840 839 reliquii
853 773 933 839 parte
948 764 999 823 ho-

177 866 194 914 5
209 863 328 921 aestatis
338 862 494 920 dioendum
503 861 556 931 sit3
579 861 675 936 inqui
683 861 866 933 verecundia,
875 871 905 919 et
915 864 998 937 quasi

209 960 326 1036 quidam
346 969 465 1016 ornatus
484 958 560 1029 vita,
576 957 775 1033 temperantia,
795 968 824 1016 et
844 958 1003 1033 modestia

209 1056 359 1130 omnisque
371 1054 481 1113 sedatio
491 1055 737 1130 perturbationum
754 1055 852 1126 animi,
861 1064 890 1112 et
900 1074 998 1113 rerum

209 1153 313 1210 modus
327 1153 462 1211 cernitur.
504 1151 659 1209 Hoc‘looo
680 1151 843 1209 continetur
859 1151 903 1223 id,
919 1153 997 1227 quod

210 1247 270 1305 dici
281 1246 384 1304 Latine
395 1247 536 1327 Dacorum
546 1256 658 1322 potest:
678 1247 782 1304 Graeoe
793 1247 870 1304 enim
882 1249 998 1320 Πρέπον

164 1347 194 1397 10
209 1344 324 1402 dicitur.
365 1343 462 1420 Hujus
484 1342 526 1399 vis
547 1360 583 1399 ea
605 1353 658 1415 est,
681 1354 713 1400 ut
736 1344 771 1401 ab
795 1342 916 1400 honesto
937 1362 999 1402 non

210 1451 297 1517 queat
317 1442 442 1517 separari
455 1462 470 1501 :v
483 1459 561 1513 nam,
582 1450 612 1497 et
632 1440 708 1514 quod
730 1441 824 1512 decet,
846 1440 999 1499 honestum

209 1548 252 1596 est
263 1558 271 1609 ;
292 1549 322 1601 et
335 1540 411 1615 quod
426 1538 579 1596 honestum
592 1547 646 1609 est,
660 1537 753 1594 (leuet.
912 1542 917 1547 ’

160 1620 165 1628 ’
248 1635 356 1697 Qualis
371 1646 466 1692 antem
479 1633 643 1692 differentia
663 1633 700 1690 sit
717 1632 830 1691 honesti
844 1643 873 1691 et
887 1633 998 1707 decori,

210 1731 325 1788 facilins
345 1731 467 1807 intelligi
488 1748 574 1805 quam
595 1723 741 1805 explanari
760 1739 862 1804 potest.
902 1729 1000 1792 Quid·

164 1837 195 1886 15
210 1827 279 1902 quid
294 1836 338 1884 est
351 1827 439 1897 enim,
454 1826 531 1902 quod
544 1826 657 1897 deceat,
672 1824 701 1882 id
716 1835 778 1882 tum
791 1836 918 1902 apparet,
930 1847 999 1885 curn

187 1926 193 1936 “
211 1932 377 1999 antegressa
402 1932 445 1981 est
469 1914 613 1980 honestas.
653 1920 756 1996 Itaque
775 1941 833 1980 non
853 1924 946 1980 solum
967 1924 999 1982 in

209 2018 265 2076 hao
285 2028 366 2096 parte
387 2017 555 2089 honestatis,
570 2017 606 2074 do
627 2018 684 2093 qui
704 2016 761 2075 hoo
776 2011 843 2075 looo
857 2019 1000 2078 disseren-

210 2115 279 2173 dum
298 2125 351 2186 est,
365 2114 415 2172 sed
435 2114 523 2172 etiarn
544 2113 575 2171 in
596 2114 689 2171 tribus
708 2113 914 2189 superioribus,
929 2115 999 2190 quid

210 2211 323 2281 deceat,
345 2216 479 2286 apparet:
499 2228 567 2267 nam
588 2219 618 2266 et
638 2209 749 2267 ratione
767 2209 810 2266 uti
831 2220 915 2284 atque
934 2228 1000 2269 ora·¹

162 2315 194 2365 20
210 2307 289 2365 tione
298 2308 467 2384 prudenter;
483 2317 512 2364 et
522 2325 617 2382 agere,
627 2306 704 2380 quod
714 2325 791 2381 agas,
802 2307 998 2378 considerate3

210 2405 347 2480 omnique
357 2405 387 2463 in
399 2423 440 2475 re,
452 2404 520 2479 quid
534 2404 571 2461 sit
581 2403 651 2473 veri,
662 2402 759 2461 videre
770 2413 798 2460 et
809 2398 883 2460 tueri
894 2404 996 2462 decet:

210 2512 369 2576 contraque
384 2501 454 2573 falli,
468 2517 574 2571 errare,
588 2499 657 2570 labi,
671 2499 777 2574 decipi,
792 2510 849 2556 tarn
865 2500 998 2572 dedecet,

211 2615 296 2671 quam
310 2597 442 2669 delirare,
456 2607 486 2655 et
505 2607 602 2654 mente
623 2615 685 2653 esse
706 2606 830 2672 captum.
872 2596 911 2653 Et
921 2596 1000 2672 justa

210 2693 309 2751 omnia
321 2693 429 2751 decora
441 2704 524 2764 sunt3
546 2693 652 2769 injusta
665 2704 776 2764 oontra,
790 2703 822 2749 ut
835 2692 939 2768 turpia,
953 2693 999 2751 sio

162 2794 194 2844 25
210 2789 356 2849 indecora.
398 2790 510 2848 Similis
530 2801 573 2848 est
594 2791 667 2848 ratio
695 2789 885 2849 fortitudinis:
920 2791 999 2866 quod

210 2887 288 2945 enim
309 2887 428 2946 viriliter
457 2887 610 2962 animoque
633 2894 739 2965 magno
759 2886 800 2958 lit,
822 2886 852 2944 id
876 2887 998 2965 dignum
