2200 3492
197 187 254 248 1⁰2
530 202 574 249 nr:
596 200 742 250 orarcrrs.
940 182 1036 261 'an

196 363 201 373 ’
241 348 307 407 Nec
335 368 402 408 vero
429 350 514 428 hujus
544 351 659 427 tyranni
691 351 796 423 solnm,
824 369 908 426 quem
945 351 1035 410 armis

240 463 377 522 oppressa
396 447 513 523 pertulit
533 448 645 519 civitas,
665 457 801 524 paretque
823 466 889 505 cum
905 447 1034 505 maxime

240 553 365 614 mortuo,
379 543 513 603 interitus
526 544 664 615 declarat,
676 554 816 619 quantum
828 544 927 602 odium
943 544 1035 602 homi·

240 659 309 697 num
331 641 423 698 valeat
443 640 479 698 ad
498 651 626 716 pestem3
648 642 699 698 sed
718 641 895 715 reliquorum
923 640 1032 699 similas

209 742 226 791 ὅ
240 738 333 795 exitus
354 746 550 814 tyrannorum,
565 756 687 813 quorum
708 738 786 794 haud
805 737 865 795 iere
878 738 1030 814 quisquam

240 833 387 891 interitum
414 834 500 893 talem
528 834 638 912 effugit.
693 833 792 892 Malus
819 834 897 892 eninr
934 844 1030 893 custos

239 929 437 987 diuturnitatis
474 939 587 989 metus:
625 938 793 1006 contraque,
831 930 1030 988 benevolentia

239 1025 332 1083 fidelis
345 1036 398 1098 est,
414 1026 457 1084 vel
474 1026 508 1085 ad
524 1027 753 1104 perpetuitatem.

278 1123 337 1180 Sed
358 1122 403 1194 iis,
418 1123 468 1198 qui
482 1123 510 1180 vi
523 1141 675 1201 oppressos
695 1122 816 1199 imperio
830 1126 981 1195 coircent,
995 1122 1029 1179 sit

194 1223 224 1272 10
238 1236 308 1275 sane
330 1218 493 1277 adhibenda
513 1219 632 1292 saevitia,
653 1229 685 1277 ut
706 1219 783 1279 heris
803 1220 832 1277 in
854 1220 990 1290 famulos,
1005 1218 1028 1275 si

239 1313 321 1371 aliter
341 1315 434 1372 teneri
453 1333 513 1373 non
539 1326 677 1391 possunt:
708 1315 758 1390 qui
783 1334 853 1373 vero
880 1316 910 1373 in
940 1315 1029 1374 liberi

238 1409 355 1467 civitate
375 1410 416 1468 ita
435 1430 466 1469 se
487 1411 643 1484 instruunt,
657 1422 691 1469 ut
708 1421 881 1483 metuantur,
896 1412 945 1470 his
959 1410 1027 1470 nihil

237 1525 301 1563 asse
313 1516 407 1583 potest
421 1508 591 1567 dementius.
632 1507 776 1570 Quamvis
795 1508 874 1566 enim
889 1508 1027 1566 demersae

238 1604 296 1661 sint
329 1604 408 1682 leges
436 1606 557 1683 alicujus
583 1605 701 1682 opibus,
723 1605 852 1682 quamvis
879 1606 1028 1664 timefacta

192 1705 223 1753 15
237 1701 365 1773 libertas,
394 1713 545 1779 emergunt
571 1712 668 1761 tamen
683 1701 758 1760 ⁴haec
787 1702 953 1778 aliqnando,
982 1711 1027 1759 aut

234 1796 353 1872 judiciis
373 1797 479 1871 tacitis,
494 1809 544 1856 aut
558 1798 681 1856 occultis
695 1797 731 1855 de
745 1798 856 1857 honore
875 1798 1025 1876 suffragiis.

236 1892 375 1950 Acriores
395 1902 490 1951 autem
510 1911 623 1953 morsus
643 1905 710 1954 sunt
730 1894 899 1953 intermisse
915 1895 1026 1953 liberta·

238 1987 284 2061 tis,
299 2008 385 2064 qnam
405 2000 531 2049 retente.
573 1991 663 2054 Quod
685 1991 772 2069 igitur
786 1990 925 2050 latissime
939 2000 1025 2068 patet,

236 2103 330 2160 usque
354 2086 389 2143 ad
417 2087 646 2146 incolumitatem
673 2088 775 2160 solum,
797 2087 847 2145 sed
875 2088 964 2153 etiam
992 2085 1024 2144 ad

190 2191 222 2242 20
237 2200 307 2258 opes
327 2193 356 2240 et
375 2183 533 2259 potentiam
547 2185 622 2242 valet
641 2183 807 2260 plurimum,
823 2182 851 2241 id
874 2186 1025 2262 amplecta-

237 2299 310 2351 mur,
337 2290 370 2337 nt
396 2290 491 2339 metus
518 2281 602 2353 absit,
629 2280 734 2338 caritas
761 2280 928 2340 retineatur.
982 2280 1025 2338 Ita

237 2375 383 2448 facillime,
405 2395 468 2451 qna
488 2376 627 2448 volemus,
648 2385 677 2432 et
696 2375 815 2451 privatis
835 2376 865 2434 in
887 2378 984 2447 rebus,
997 2384 1025 2433 et

237 2472 268 2528 in
295 2472 454 2548 republica,
482 2490 700 2548 consequemur.
761 2472 889 2545 Etenim,
917 2473 968 2549 qui
993 2489 1022 2529 se

236 2568 326 2625 metui
347 2567 454 2640 volent,
475 2587 492 2625 a
511 2568 615 2644 quibus
635 2577 810 2641 metuentur,
829 2571 948 2627 eosdem
969 2587 1023 2626 me·

188 2669 221 2720 25
236 2672 319 2721 tuant
332 2663 397 2739 ipsi,
412 2683 531 2722 necesse
546 2673 598 2723 est.

274 2758 357 2821 Quid
371 2759 449 2817 enim
464 2779 617 2819 censemus
630 2762 806 2835 superiorem
821 2760 902 2819 illum
918 2762 1023 2835 Diony·

236 2854 322 2927 sium,
343 2874 401 2930 qno
420 2856 552 2914 cruciatu
573 2857 685 2915 timoris
706 2857 773 2935 angi
795 2857 932 2917 solitum?
966 2855 1021 2933 qui,

237 2952 344 3013 cultros
357 2962 489 3011 metuens
508 2953 663 3028 tonsorios,
678 2953 815 3012 candenti
830 2955 957 3013 carbone
970 2949 1022 3011 sibi
