2200 3492
89 213 167 277 aa]
391 212 435 261 nn
457 214 605 263 osricus
834 270 843 302 ι
897 205 938 267 Β

93 365 165 422 odia
198 364 351 423 hominum
384 364 546 436 incurrunt,
580 372 613 421 ut
644 362 825 440 portitorum,
860 372 893 423 ut

94 461 311 520 l'oeneratorum.
353 460 513 520 Illiberales
527 471 622 521 sutem
636 471 666 518 et
680 460 788 519 sordidi
801 478 892 535 ques·

93 569 141 616 tus
160 558 420 630 mercenariorum,
435 559 634 633 omniumqum
647 576 767 633 quorum
784 575 890 633 opera,

93 674 152 712 non
175 665 262 727 artes,
284 665 435 712 emuntur:
457 664 501 712 ast
520 654 599 712 enirn
618 654 677 712 illis
697 653 760 730 ipsa
779 672 892 715 meroes

16 806 18 829 p
94 762 347 810 auctoramentum
361 751 514 810 servitutis.
557 738 675 808 Sordidi
688 751 775 809 etiam
789 760 920 826 putant

16 918 17 925 ἵ
92 848 134 921 di,
155 848 207 924 qui
229 858 396 907 mercantur
418 867 435 906 a
453 847 673 919 mercatoribus,
694 847 770 922 quod
793 848 890 905 statim

17 960 18 963 ’
91 946 239 1003 vendant:
267 946 340 1002 nihil
361 946 439 1002 enim
462 944 628 1021 proficiunt,
650 945 706 1003 uisi
735 944 890 1002 admodum

16 1064 17 1069 ¹
90 1043 289 1100 mentiantur:
324 1061 379 1099 nee
410 1060 484 1100 vero
514 1034 670 1117 quidquam
700 1050 745 1097 est
778 1041 890 1116 turpius

90 1139 229 1197 vanitate.
285 1130 471 1215 Opificesque
501 1150 603 1196 omnes
628 1137 659 1195 in
686 1136 801 1194 sordidat
828 1148 889 1195 arte

16 1252 18 1297 J
89 1246 261 1293 versantur:
283 1253 340 1293 neo
353 1235 431 1292 enirn
445 1234 600 1311 quidquam
621 1235 779 1312 ingenuum
793 1245 889 1311 potest
903 1245 934 1297 lt

90 1333 201 1390 habere
235 1333 361 1390 officina.
423 1331 603 1409 Minimeque
635 1342 716 1390 'artes
748 1331 792 1390 hae
825 1350 887 1408 pro·

90 1430 207 1501 bande,
222 1448 287 1504 quae
308 1430 445 1487 ministra
463 1439 531 1488 sunt
543 1430 731 1505 voluptatum,
746 1435 765 1461 “
775 1428 888 1501 cetarii,

89 1526 175 1598 lanii,
196 1527 295 1602 ooqui,
317 1526 447 1598 fartores,
467 1526 655 1603 piscatores‚'’
672 1536 703 1583 ut
724 1525 765 1584 ait
777 1525 889 1582 Teren·

90 1624 159 1682 tius.
202 1624 291 1682 Adde
311 1624 378 1696 huo,
398 1624 424 1681 si
443 1624 549 1700 placet,
571 1623 788 1700 unguentarios,
798 1611 890 1681 >salta-

17 1760 18 1763 η
91 1730 348 1796 tores,'totumque
361 1722 461 1781 ludum
475 1720 633 1778 talariam
757 1736 760 1739 ·
903 1728 934 1777 15

130 1818 253 1880 Quibus
281 1828 375 1875 autem
404 1818 513 1876 artibus
540 1828 589 1876 aut
614 1817 769 1894 prudentia
798 1816 887 1893 major

92 1916 178 1987 inest,
205 1924 255 1972 aut
281 1932 339 1973 non
366 1915 523 1972 mediocris
549 1913 657 1973 utilitas
683 1915 828 1990 quaeritur,
854 1925 887 1972 ut

92 2012 249 2084 medicina,
279 2021 310 2068 ut
338 2012 540 2083 architectura,
568 2022 600 2069 ut
626 2012 773 2069 doctrinas
789 2030 886 2070 rerum

92 2108 290 2181 honemarum,
304 2110 350 2166 hae
370 2118 438 2166 sunt
457 2107 502 2180 iis,
522 2128 644 2183 quorum
665 2108 761 2166 ordini
781 2128 887 2177 conve·

91 2207 187 2279 uiant,
217 2207 353 2264 honestae.
406 2204 576 2264 Mercatura·
601 2216 706 2278 autem,
733 2206 758 2263 si
790 2206 886 2267 tenuis
899 2219 932 2269 2⁰

92 2314 145 2376 est,
161 2288 281 2361 sordida
300 2304 428 2379 putanda
447 2314 508 2360 est:
529 2302 574 2360 sin
595 2322 700 2379 magna
715 2313 745 2360 et
758 2303 885 2377 eopiosa,

92 2402 184 2460 multa
197 2401 326 2475 undique
341 2410 504 2475 apportans,
515 2401 669 2475 multisque
683 2401 746 2457 sine
760 2392 892 2457 'vanitate‘

92 2497 273 2574 impertiens,
286 2512 346 2554 non
360 2480 409 2555 est
423 2497 577 2554 admodum
596 2497 791 2573 vituperanda.
832 2496 887 2553 At·

93 2613 148 2670 que
162 2595 263 2665 otiam,
282 2594 317 2666 si,
339 2594 443 2652 satiata
456 2603 577 2669 quaestu,
596 2593 639 2651 vel
655 2603 793 2651 contenta
811 2593 887 2669 poti·

92 2708 135 2764 us,
150 2702 183 2749 ut
204 2684 281 2767 supe
301 2711 337 2748 ex
357 2690 415 2748 alto
436 2691 465 2749 in
485 2701 610 2768 portum,
624 2710 660 2748 ex
673 2690 736 2766 ipso
755 2703 841 2766 portu
856 2692 930 2749 inffi

93 2807 177 2867 agros
189 2808 225 2846 se
236 2789 490 2865 possessionesque
511 2787 676 2860 ooutulerit,
691 2788 802 2846 videtur
819 2789 885 2864 juro

92 2887 203 2964 optimo
222 2900 309 2963 posse
328 2886 448 2945 laudari.
499 2885 639 2944 Omnium
661 2896 755 2943 autem
776 2904 883 2958 rerum,

93 2984 248 3062 exquibus
261 2982 369 3062 aliquid
383 2983 550 3060 acquiritur,
564 2982 636 3041 nihil
649 2993 694 3041 est
706 2980 884 3059 agricultum
