2200 3492
189 198 246 258 17⁰
522 206 566 255 ns
587 167 734 254 osricus.
932 205 1024 266 [unt

232 355 368 414 malitiosi
395 367 469 415 sunt.
523 356 646 415 Nullum
673 357 761 434 igitur
789 357 897 416 factum
923 375 1024 414 corum

232 462 327 529 potest
347 453 418 513 utile
437 472 510 525 esse,
526 472 594 511 cum
614 453 651 511 sit
671 464 715 511 tot
734 454 812 511 vitiis
832 453 1024 529 inquinatum.

272 644 339 704 XV.
361 645 448 707 Quod
464 647 488 704 si
502 646 671 721 Aquilliana
690 645 821 705 delinitio
839 665 907 703 vera
920 657 974 719 est,
989 665 1024 707 ex

214 800 218 806 ,
233 742 312 800 omni
326 741 385 799 virt
399 742 550 801 simulatio
564 742 810 818 dissimulatioque
830 742 959 801 tollenda
970 754 1023 802 est.

202 837 279 896 alta
297 856 363 910 nec,
385 849 416 897 ut
436 849 513 897 emat
534 840 647 910 melius,
667 856 733 910 nec,
755 849 787 896 ut
807 839 923 910 vendat,
944 840 1025 915 quid·

233 953 318 1010 qnam
339 935 486 993 simulabit
504 945 554 999 aut
567 934 760 993 dissimulabit
772 936 930 994 virbonus.
972 936 1022 993 Ar·

232 1050 289 1108 que
309 1031 363 1090 iste
382 1031 466 1089 dolus
484 1032 579 1091 ¹malus
599 1032 687 1089 etiam
711 1031 824 1108 legibus
851 1042 913 1090 erat
933 1033 1025 1091 vindi·

233 1137 326 1198 catus,
348 1137 379 1184 ut
399 1128 489 1185 tutela
515 1127 577 1185 ΧΗ
605 1128 725 1200 tabulis,
742 1139 771 1185 et
792 1128 1025 1205 circumscriptio

233 1224 460 1282 adolescentium
480 1224 545 1302 lege
566 1222 709 1295 Letorid3
729 1234 768 1295 et,
783 1225 846 1282 siue
862 1224 937 1302 lege,
949 1226 1024 1302 judi·

188 1320 297 1392 luciis,
319 1320 350 1379 in
369 1321 474 1396 quibus
495 1321 620 1393 additur,
634 1327 699 1378 “ex
718 1322 775 1379 fide
796 1322 900 1381 bond.'’
942 1322 1024 1380 Reli·
1045 1391 1047 1394 Α

233 1436 355 1494 quorum
377 1429 473 1479 autem
495 1418 675 1494 judiciorum
703 1419 766 1476 hec
786 1420 874 1476 rerba
899 1420 1024 1477 maxime

233 1515 395 1585 excellunt;
429 1514 463 1573 in‘
496 1515 614 1573 arbitrio
647 1515 690 1572 rei
727 1516 846 1586 uxoriae,
882 1517 1024 1588 “melius,

234 1612 384 1687 equins:’'
419 1612 450 1669 in
475 1612 596 1684 fiducid,
622 1618 683 1669 “ut
699 1684 700 1687 Ἴ
716 1613 790 1669 iuter
824 1613 916 1670 bonos
950 1615 1024 1672 bene

234 1707 342 1784 agier.’'
382 1707 464 1769 Quid
485 1709 575 1785 crgo‘l
596 1717 646 1765 aut
665 1708 696 1764 in
715 1726 762 1779 eo,
782 1709 860 1783 quod
881 1709 1024 1782 “melins‚

189 1813 219 1861 15
234 1804 372 1879 equius‚'’
394 1814 488 1879 potest
509 1804 568 1861 ullu
593 1823 659 1879 pars
685 1804 780 1901 inesqe
808 1805 937 1863 fraudis?
965 1818 1024 1877 aut,

234 1917 301 1956 cum
325 1898 441 1969 dicitur,
463 1900 570 1973 “inter
593 1901 685 1958 bonos
711 1902 785 1961 bene
813 1903 921 1977 agier,'’
944 1902 1024 1977 quid·

234 2014 319 2070 quam
341 1996 388 2072 agi
408 1996 508 2053 dolose
528 2007 579 2055 ant
599 1986 740 2055 malitiose
766 1999 880 2073 potestl
932 1999 1026 2060 Dolus

235 2102 331 2150 autem
351 2092 446 2150 malus
463 2093 659 2165 simulatione,
680 2104 711 2151 ut
731 2094 771 2151 ait
785 2094 941 2169 Aquillius,
956 2114 1026 2152 con·

233 2188 350 2246 tinetu'r.
391 2188 567 2248 Tollendum
588 2199 632 2248 est
652 2190 795 2267 igiturex
813 2180 1038 2249 rebus'contra·

188 2295 220 2344 20
234 2283 338 2342 hendis
371 2303 465 2342 omne.
491 2284 684 2365 mendacium.
744 2285 814 2343 Non
851 2286 1026 2345 licitatorem

234 2370 377 2453 venditor,
404 2400 470 2453 nec,
492 2382 540 2456 qui
567 2391 670 2440 contra
696 2401 727 2439 se
753 2382 886 2454 licentur,
913 2395 1027 2459 emptor

236 2487 376 2553 apponet:
411 2487 541 2553 uterque,
569 2478 593 2535 si
622 2478 657 2536 ad
685 2479 877 2554 eloquendum
905 2481 1025 2552 venerit,

235 2590 294 2629 non
327 2574 402 2650 plus,
429 2593 516 2651 quam
547 2574 647 2653 semel,
677 2575 834 2650 eloquetur.
894 2575 1027 2638 Quintus

235 2668 350 2744 quidem
374 2671 514 2741 Scaevola,
534 2670 567 2727 P.
588 2671 675 2743 filius,
697 2691 764 2729 cum
790 2673 976 2748 postuldsset,
996 2685 1028 2731 ut

189 2770 222 2819 25
235 2765 290 2823 sibi
318 2766 433 2840 lirndus,
457 2767 541 2842 cujus
567 2778 678 2843 emptor
705 2780 776 2840 erat,
801 2770 890 2826 semel
918 2770 1028 2828 indica-

235 2872 324 2934 retur,
338 2861 424 2938 idque
438 2863 570 2920 venditor
584 2863 626 2922 ita
638 2864 771 2935 fecisset,
793 2864 875 2936 dixit,
888 2884 921 2922 se
935 2865 1028 2941 pluris

237 2960 395 3021 estimare:
427 2959 538 3021 addidit
564 2969 682 3020 centum
709 2961 806 3019 millia
848 2961 946 3021 Nemo
972 2975 1038 3036 est,
