2200 3492
175 185 216 245 38
510 191 555 241 DE
575 189 721 237 omens.
941 178 1013 242 [M.

222 360 338 418 magno,
360 340 503 415 elatoque,
524 340 722 423 humanasque
749 355 795 394 res
822 334 1015 412 despiciente,

223 439 330 496 sactum
342 437 388 496 sit.
428 437 530 512 Itaque
541 436 572 520 in
581 435 694 511 probris
704 434 828 492 maxime
839 434 871 490 iu
879 442 1014 509 prompta

222 541 276 602 est,
291 530 315 586 si
329 529 398 604 quid
414 529 470 587 tale
484 527 545 586 dici
557 537 669 604 potest:

210 680 212 684 ,
254 638 330 688 “Vos
341 638 444 701 etenim,
452 638 570 703 juvenes,
581 637 694 685 animum
705 635 792 701 geritis
802 634 966 695 muliebrem

190 738 206 786 5
276 719 518 784 lllaviragoviri:”
555 739 558 743 ⁴
748 716 751 722 ’

222 830 252 878 et
266 819 290 877 si
303 819 373 895 qnid
386 818 527 896 ejusmodi
540 838 546 877 :

253 937 269 964 ‘⁴
280 932 396 992 Salmaci,
409 932 441 980 da
450 931 538 995 spolia,
550 931 605 981 sine
617 931 707 981 sudore
718 936 746 979 et
754 929 903 994 sangiune?

223 1012 391 1107 Contraque
413 1031 443 1089 in
465 1031 609 1103 laudibus,
633 1032 697 1107 qu'ae
724 1048 831 1108 magno
855 1029 963 1101 animo,
985 1039 1015 1086 et

223 1129 335 1189 fortiter
369 1128 601 1202 excellenterque
628 1137 715 1204 geste
736 1136 813 1198 sunt,
840 1145 886 1198 ea,
913 1125 1015 1183 nescio

177 1224 379 1300 1oquomodo,
401 1223 483 1298 quasi
510 1221 641 1298 pleniore
661 1240 712 1279 ore
732 1221 890 1279 laudamus.
933 1219 1015 1279 Hinc
1078 1252 1082 1261 ·

223 1322 371 1379 rhetorum
386 1339 504 1397 campus
523 1319 560 1375 de
580 1317 764 1390 Marathone,
779 1317 936 1388 Salamine,
951 1316 1016 1374 Pla·

223 1417 297 1490 treis,
307 1416 522 1493 Thermopylis,
534 1406 684 1473 Leuctris:
706 1414 776 1471 hinc
786 1424 883 1472 noster
897 1408 1015 1485 Cocles,

223 1512 293 1571 hinc
313 1513 410 1586 Decii,
425 1513 494 1571 hinc
515 1513 570 1570 Cn.
592 1521 622 1569 et
640 1511 673 1570 P.
697 1511 859 1586 Scipiones,
880 1509 950 1567 hinc
971 1508 1014 1567 M.

224 1598 393 1683 Marcellus,
420 1608 703 1684 innumerabilesque
721 1606 800 1665 alii:
831 1606 1014 1681 maximeque
1031 1591 1034 1597 ’

178 1705 286 1782 tuipse
305 1707 428 1782 populus
455 1706 610 1764 Romanus
631 1703 719 1761 animi
739 1702 939 1780 magnitudine
967 1721 1016 1779 ex·

223 1801 313 1869 cellit.
344 1800 517 1858 Declaratur
529 1810 625 1887 autem
639 1799 766 1857 studium
780 1798 1016 1876 bellicegloriae,

225 1895 301 1971 quod
312 1906 420 1953 statuas
431 1914 545 1971 quoque
556 1895 687 1952 videmus
701 1904 805 1953 ornatu
818 1894 878 1952 fere
889 1894 1015 1955 militari.

265 2088 350 2147 XIX.
381 2089 441 2155 Sed
461 2108 496 2146 ea
515 2088 606 2147 animi
633 2088 728 2160 elatio,
750 2107 813 2163 quae
835 2087 1017 2145 cerniturin

224 2184 362 2262 periculis
372 2195 401 2242 et
411 2186 568 2258 laboribus,
580 2185 605 2242 si
612 2185 724 2262 justitiis
735 2194 827 2256 vacat,
839 2194 1017 2261 pugnatque,

174 2302 211 2350 oo
225 2302 284 2341 non
298 2302 350 2360 pro
364 2283 456 2340 salute
470 2282 629 2353 communi,
640 2281 690 2339 sed
703 2300 757 2357 pro
771 2280 831 2339 suis
845 2280 1018 2353 commodis,

226 2379 257 2436 in
271 2379 341 2438 vitio
355 2389 407 2439 est.
436 2377 518 2463 ,Non
532 2378 610 2443 enim
625 2377 711 2435 modo
726 2377 755 2434 id
765 2378 879 2436 virtutis
892 2397 952 2437 non
964 2388 1020 2449 est,

227 2476 277 2532 sed
309 2477 406 2551 potius
436 2474 634 2546 immanitatis,
661 2493 777 2532 omnem
808 2474 1021 2533 humanitatem

228 2572 398 2647 repellentis.
439 2571 541 2647 Itaque
555 2572 644 2647 probe
659 2571 793 2629 definitur
808 2591 825 2629 a
838 2571 949 2629 Stoicis
963 2572 1022 2630 for-

227 2667 330 2739 titudo,
354 2686 421 2724 cum
442 2685 506 2727 eam
528 2667 663 2725 virtutem
685 2685 749 2724 esse
772 2667 874 2725 dicunt
895 2686 1024 2744 propug-

180 2780 212 2829 25
227 2773 344 2821 nantem
376 2781 430 2838 pro
462 2763 607 2838 equitate.
652 2763 806 2826 Quocirca
836 2783 933 2836 nemo,
969 2765 1021 2839 qui

225 2859 404 2933 fortitudinis
428 2859 550 2937 gloriam
578 2871 754 2941 consecutus
779 2870 824 2919 est
851 2859 967 2919 insidiis
989 2872 1022 2918 et

228 2956 348 3031 malitia,
363 2956 479 3016 laudem
500 2968 544 3016 est
566 2958 704 3037 adeptus:
725 2958 798 3016 nibil
818 2957 897 3017 enim
918 2957 1022 3017 bones-
