2200 3492
155 146 211 207 160
488 158 531 213 nn
554 126 701 204 demens
897 150 986 212 [nm

197 318 230 366 nt
251 327 297 366 res
324 306 486 366 nummaria
510 306 549 365 de
576 304 723 366 eommuui
749 302 895 362 sententiis
921 319 993 360 oon·

198 406 370 463 stitueretur.
427 403 598 462 laetabatur
624 402 702 460 enim
729 401 907 476 temporibus
933 398 991 457 illis

197 520 341 574 nummus,
356 501 409 569 sio,
424 511 456 559 ut
469 518 556 559 nemo
568 508 665 577 posset
678 499 764 569 seire,
775 498 846 573 quid
861 497 989 555 haberet

197 597 438 673 Conscripserunt
451 597 643 657 communiter
661 596 801 666 edictum,
816 613 884 653 oum
903 593 990 670 peut

166 686 182 752 5
197 705 280 770 atque
291 694 417 771 judici03
439 693 719 768 constitueruntque,
734 703 765 749 ut
779 709 882 749 omnes
903 689 988 748 simul
1072 722 1074 771 χ

196 791 226 848 in
247 790 356 848 Rostra
374 800 439 867 post
453 790 603 850 meridiem
616 789 824 847 escenderent:
845 798 875 846 et
890 787 988 846 caeteri

195 887 311 963 quidem
332 888 405 946 alius
423 888 480 947 alio
489 907 497 958 ;
520 887 631 945 Marius
646 885 820 945 asubselliis
833 884 865 943 iu
878 884 990 941 Rostra

196 985 293 1055 reetd3
328 985 423 1061 idque,
457 984 534 1060 quod
568 983 760 1053 communiter
794 980 987 1057 compositum

197 1081 298 1152 luerat,
323 1081 402 1138 solus
425 1081 523 1138 edixit.
556 1080 604 1139 ,Er
626 1098 663 1138 ea
684 1097 732 1137 res
756 1077 795 1155 (si
819 1077 938 1158 queris)
960 1078 988 1135 ei

150 1184 182 1234 10
195 1194 301 1253 magno
321 1177 422 1235 honori
446 1177 515 1235 suit:
536 1176 678 1235 omnibus
704 1175 777 1233 vicis
803 1185 923 1246 statuae;
951 1174 987 1232 ad

193 1291 245 1329 eas
253 1273 334 1344 thus,
349 1283 378 1330 et
392 1272 478 1330 cerei.
518 1271 602 1334 Quid
622 1271 732 1331 multal
753 1289 839 1329 nemo
858 1289 987 1346 unquam

196 1369 371 1428 multitudini
385 1369 440 1427 fuit
453 1368 556 1427 carior.
1059 1368 1061 1370 ’

236 1466 310 1524 Haeo
330 1477 407 1539 sunt,
421 1485 484 1543 que
503 1466 678 1524 conturbant
690 1464 821 1523 homines
835 1464 866 1523 in
880 1465 988 1523 delibe-

196 1564 308 1622 ratione
334 1582 552 1639 nonnunquam
576 1581 643 1621 oum
667 1562 707 1630 id,
729 1561 760 1619 in
783 1579 841 1637 quo
865 1562 987 1622 violatur

151 1669 182 1718 15
197 1660 325 1736 aequitas,
339 1679 399 1719 uon
413 1661 454 1719 ita
467 1679 604 1738 maguum
612 1680 621 1730 ;
642 1659 713 1718 illud
735 1669 841 1731 autem,
855 1659 934 1734 quod
950 1678 989 1718 ex

196 1775 232 1819 eo
245 1757 364 1833 paritur,
379 1775 578 1834 permaguum,
593 1756 721 1814 videtur:
739 1768 775 1813 <ut
795 1754 902 1827 Mario,
916 1774 989 1832 prae·

196 1853 290 1927 ripere
324 1851 444 1929 collegis
476 1862 506 1911 et
537 1853 662 1911 tribunis
694 1852 787 1929 plebis
819 1853 988 1929 popularem

196 1948 328 2024 gratiam,
348 1944 407 2005 non
428 1949 470 2006 ita
489 1958 589 2025 turpe3
611 1949 760 2007 consulem
779 1950 819 2007 ob
839 1966 905 2007 eam
925 1968 987 2007 rem

196 2044 268 2116 lieri,
296 2045 373 2120 quod
400 2045 455 2103 sibi
479 2056 553 2103 tune
567 2056 775 2122 proposuerat,
804 2046 886 2104 valde
915 2046 987 2104 utile

149 2141 354 2199 deridebatur.
395 2142 454 2200 Sed
476 2143 606 2201 omnium
627 2161 685 2199 una
705 2143 806 2220 regula
824 2154 878 2215 est,
900 2163 987 2219 quam

196 2237 249 2294 tibi
263 2237 348 2314 cupio
362 2256 425 2296 esse
439 2238 636 2296 notissimam:
659 2249 708 2296 aut
727 2238 808 2310 illud,
823 2240 900 2315 quod
915 2240 987 2298 utile

196 2333 318 2406 videtur,
333 2344 416 2410 turpe
429 2353 467 2393 ne
480 2335 518 2392 sit
526 2355 533 2405 ;
556 2345 615 2402 aut,
629 2335 654 2392 si
675 2345 758 2411 turpe
772 2346 826 2407 est,
840 2355 878 2393 ne
892 2336 988 2394 videa·

197 2440 243 2486 tur
263 2449 326 2488 asse
347 2431 425 2489 utile.
479 2430 562 2493 Quid
590 2431 697 2508 igiturl
724 2450 915 2509 possumusne
938 2440 996 2492 aut=

197 2525 278 2582 illum
293 2526 418 2586 Marium
432 2527 524 2586 virum
541 2528 647 2585 bonum
666 2529 808 2605 judicare,
824 2540 873 2587 aut
886 2530 986 2588 hunul

150 2637 183 2687 25
197 2620 431 2699 Explioaatque
457 2633 561 2682 eruente
589 2624 807 2702 intelligentiam
837 2636 927 2699 tuam,
955 2637 988 2685 ut

198 2718 304 2790 videas,
325 2738 389 2794 quae
410 2719 498 2777 sitin
518 2720 554 2777 ed
574 2721 696 2796 species,
718 2722 819 2794 forma,
841 2733 871 2779 et
892 2722 987 2795 notio,

198 2814 252 2873 viri
269 2815 346 2873 boni.
388 2815 476 2874 Cadit
495 2834 565 2893 ergo
580 2817 715 2875 invirum
737 2819 855 2891 bonum,
869 2819 987 2877 mentiri

198 2912 385 2972 emolumenti
418 2912 467 2971 sui
497 2914 596 2986 erun,
630 2914 788 2987 criminari,
821 2915 987 2992 preripere,
